<?xml version="1.0" encoding="UTF-8"?>
<!DOCTYPE html PUBLIC "-//W3C//DTD XHTML 1.0 Transitional//EN"
    "http://www.w3.org/TR/xhtml1/DTD/xhtml1-transitional.dtd">
<html xmlns="http://www.w3.org/1999/xhtml" xml:lang="en" lang="en">
 <head>
  <title>
</title>
<meta http-equiv="Content-Type" content="text/html;charset=utf-8" />
  <meta name='ocr-system' content='tesseract 3.04.00' />
  <meta name='ocr-capabilities' content='ocr_page ocr_carea ocr_par ocr_line ocrx_word'/>
</head>
<body>
  <div class='ocr_page' id='page_1' title='image "./devitaelysiaeor00pretgoog_0042.png"; bbox 0 0 3242 5042; ppageno 0'>
   <div class='ocr_carea' id='block_1_1' title="bbox 1446 349 1865 427">
    <p class='ocr_par' dir='ltr' id='par_1_1' title="bbox 1446 349 1865 427">
     <span class='ocr_line' id='line_1_1' title="bbox 1446 349 1865 427; baseline 0.007 -20"><span class='ocrx_word' id='word_1_1' title='bbox 1446 349 1865 427; x_wconf 46' lang='lat' dir='ltr'><strong>-fss—</strong></span> 
     </span>
    </p>
   </div>
   <div class='ocr_carea' id='block_1_2' title="bbox 490 514 2859 2465">
    <p class='ocr_par' dir='ltr' id='par_1_2' title="bbox 490 514 2859 2465">
     <span class='ocr_line' id='line_1_2' title="bbox 503 514 2812 604; baseline -0.003 -19"><span class='ocrx_word' id='word_1_2' title='bbox 503 519 860 585; x_wconf 86' lang='lat' dir='ltr'><strong>orationem</strong></span> <span class='ocrx_word' id='word_1_3' title='bbox 903 535 1045 598; x_wconf 90' lang='lat' dir='ltr'><strong>pro·</strong></span> <span class='ocrx_word' id='word_1_4' title='bbox 1081 517 1459 600; x_wconf 86' lang='lat' dir='ltr'><strong>Polystrato</strong></span> <span class='ocrx_word' id='word_1_5' title='bbox 1525 517 1818 582; x_wconf 82' lang='lat' dir='ltr'><strong>habitam</strong></span> <span class='ocrx_word' id='word_1_6' title='bbox 1877 517 2080 581; x_wconf 90' lang='lat' dir='ltr'><strong>multo</strong></span> <span class='ocrx_word' id='word_1_7' title='bbox 2138 521 2296 582; x_wconf 88' lang='lat' dir='ltr'><strong>ante</strong></span> <span class='ocrx_word' id='word_1_8' title='bbox 2362 514 2812 604; x_wconf 85' lang='lat' dir='ltr'><strong>trigintavira-</strong></span> 
     </span>
     <span class='ocr_line' id='line_1_3' title="bbox 493 624 2811 714; baseline -0.001 -22"><span class='ocrx_word' id='word_1_9' title='bbox 493 631 630 692; x_wconf 91' lang='lat' dir='ltr'><strong>tum</strong></span> <span class='ocrx_word' id='word_1_10' title='bbox 673 625 814 691; x_wconf 89' lang='lat' dir='ltr'><strong>fere</strong></span> <span class='ocrx_word' id='word_1_11' title='bbox 837 625 920 691; x_wconf 93' lang='lat' dir='ltr'><strong>ol.</strong></span> <span class='ocrx_word' id='word_1_12' title='bbox 961 630 1123 714; x_wconf 59' lang='lat'>92374</span> <span class='ocrx_word' id='word_1_13' title='bbox 1152 643 1311 691; x_wconf 85' lang='lat' dir='ltr'><strong>—a.</strong></span> <span class='ocrx_word' id='word_1_14' title='bbox 1359 626 1560 697; x_wconf 82' lang='lat' dir='ltr'><strong>4lOl9</strong></span> <span class='ocrx_word' id='word_1_15' title='bbox 1602 624 1711 691; x_wconf 87' lang='lat' dir='ltr'><strong>vel</strong></span> <span class='ocrx_word' id='word_1_16' title='bbox 1745 624 1937 707; x_wconf 90' lang='lat' dir='ltr'><strong>paulo</strong></span> <span class='ocrx_word' id='word_1_17' title='bbox 1980 629 2148 707; x_wconf 88' lang='lat' dir='ltr'><strong>post,</strong></span> <span class='ocrx_word' id='word_1_18' title='bbox 2194 625 2275 690; x_wconf 92' lang='lat' dir='ltr'><strong>ol.</strong></span> <span class='ocrx_word' id='word_1_19' title='bbox 2320 625 2811 709; x_wconf 67' lang='lat' dir='ltr'><strong>93,2—-a.407.</strong></span> 
     </span>
     <span class='ocr_line' id='line_1_4' title="bbox 495 731 2812 816; baseline -0.002 -15"><span class='ocrx_word' id='word_1_20' title='bbox 495 739 570 802; x_wconf 92' lang='lat' dir='ltr'><strong>ut</strong></span> <span class='ocrx_word' id='word_1_21' title='bbox 607 733 686 800; x_wconf 80' lang='lat' dir='ltr'><strong>F.</strong></span> <span class='ocrx_word' id='word_1_22' title='bbox 729 733 1023 799; x_wconf 90' lang='lat' dir='ltr'><strong>Blassius</strong></span> <span class='ocrx_word' id='word_1_23' title='bbox 1067 734 1146 798; x_wconf 90' lang='lat' dir='ltr'><strong>A.</strong></span> <span class='ocrx_word' id='word_1_24' title='bbox 1193 733 1270 799; x_wconf 89' lang='lat' dir='ltr'><strong>B.</strong></span> <span class='ocrx_word' id='word_1_25' title='bbox 1312 733 1384 810; x_wconf 71' lang='lat'><strong>1„</strong></span> <span class='ocrx_word' id='word_1_26' title='bbox 1424 752 1485 814; x_wconf 89' lang='lat' dir='ltr'><strong>p.</strong></span> <span class='ocrx_word' id='word_1_27' title='bbox 1530 734 1654 798; x_wconf 84' lang='lat'><strong>503</strong></span> <span class='ocrx_word' id='word_1_28' title='bbox 1700 732 1949 816; x_wconf 79' lang='lat' dir='ltr'>posuit,</span> <span class='ocrx_word' id='word_1_29' title='bbox 1995 731 2362 799; x_wconf 87' lang='lat' dir='ltr'><strong>confectam</strong></span> <span class='ocrx_word' id='word_1_30' title='bbox 2402 752 2545 800; x_wconf 90' lang='lat' dir='ltr'><strong>esse</strong></span> <span class='ocrx_word' id='word_1_31' title='bbox 2591 749 2812 798; x_wconf 88' lang='lat' dir='ltr'><strong>omnes</strong></span> 
     </span>
     <span class='ocr_line' id='line_1_5' title="bbox 496 839 2812 925; baseline -0.001 -16"><span class='ocrx_word' id='word_1_32' title='bbox 496 842 914 910; x_wconf 86' lang='lat' dir='ltr'><strong>consentiunt</strong></span> <span class='ocrx_word' id='word_1_33' title='bbox 965 845 1233 924; x_wconf 85' lang='lat' dir='ltr'><strong>praeter</strong></span> <span class='ocrx_word' id='word_1_34' title='bbox 1278 839 1355 908; x_wconf 89' lang='grc' dir='ltr'><strong>Ο.</strong></span> <span class='ocrx_word' id='word_1_35' title='bbox 1399 840 1818 925; x_wconf 79' lang='lat' dir='ltr'><strong>Muellerum,</strong></span> <span class='ocrx_word' id='word_1_36' title='bbox 1880 847 2193 922; x_wconf 90' lang='lat' dir='ltr'><strong>quantum</strong></span> <span class='ocrx_word' id='word_1_37' title='bbox 2253 841 2547 922; x_wconf 83' lang='lat' dir='ltr'><strong>equidem</strong></span> <span class='ocrx_word' id='word_1_38' title='bbox 2596 840 2812 923; x_wconf 80' lang='lat' dir='ltr'><strong>,video,</strong></span> 
     </span>
     <span class='ocr_line' id='line_1_6' title="bbox 499 949 2816 1035; baseline -0.002 -16"><span class='ocrx_word' id='word_1_39' title='bbox 499 952 611 1035; x_wconf 92' lang='lat' dir='ltr'><strong>qui</strong></span> <span class='ocrx_word' id='word_1_40' title='bbox 654 951 824 1018; x_wconf 92' lang='lat' dir='ltr'><strong>hanc</strong></span> <span class='ocrx_word' id='word_1_41' title='bbox 866 950 1224 1017; x_wconf 89' lang='lat' dir='ltr'><strong>orationem</strong></span> <span class='ocrx_word' id='word_1_42' title='bbox 1258 953 1408 1031; x_wconf 92' lang='lat' dir='ltr'><strong>post</strong></span> <span class='ocrx_word' id='word_1_43' title='bbox 1453 949 2028 1018; x_wconf 87' lang='lat' dir='ltr'><strong>Eratosthenicam</strong></span> <span class='ocrx_word' id='word_1_44' title='bbox 2062 950 2351 1033; x_wconf 80' lang='lat' dir='ltr'><strong>posuit.¹)</strong></span> <span class='ocrx_word' id='word_1_45' title='bbox 2435 951 2529 1015; x_wconf 88' lang='lat' dir='ltr'><strong>Et</strong></span> <span class='ocrx_word' id='word_1_46' title='bbox 2571 968 2652 1016; x_wconf 86' lang='lat' dir='ltr'><strong>ex</strong></span> <span class='ocrx_word' id='word_1_47' title='bbox 2695 950 2816 1015; x_wconf 92' lang='lat' dir='ltr'><strong>hoc</strong></span> 
     </span>
     <span class='ocr_line' id='line_1_7' title="bbox 496 1058 2815 1145; baseline -0.002 -17"><span class='ocrx_word' id='word_1_48' title='bbox 496 1063 636 1145; x_wconf 88' lang='lat' dir='ltr'><strong>ipso</strong></span> <span class='ocrx_word' id='word_1_49' title='bbox 661 1059 976 1133; x_wconf 84' lang='lat' dir='ltr'><strong>orationis</strong></span> <span class='ocrx_word' id='word_1_50' title='bbox 1010 1062 1300 1141; x_wconf 90' lang='lat' dir='ltr'><strong>tempore</strong></span> <span class='ocrx_word' id='word_1_51' title='bbox 1326 1058 1404 1142; x_wconf 90' lang='lat' dir='ltr'><strong>ei,</strong></span> <span class='ocrx_word' id='word_1_52' title='bbox 1431 1058 1540 1139; x_wconf 91' lang='lat' dir='ltr'><strong>qui</strong></span> <span class='ocrx_word' id='word_1_53' title='bbox 1565 1077 1711 1125; x_wconf 90' lang='lat' dir='ltr'><strong>eam</strong></span> <span class='ocrx_word' id='word_1_54' title='bbox 1736 1078 1777 1125; x_wconf 90' lang='lat' dir='ltr'><strong>a</strong></span> <span class='ocrx_word' id='word_1_55' title='bbox 1800 1059 2003 1142; x_wconf 84' lang='lat' dir='ltr'>Lysia</span> <span class='ocrx_word' id='word_1_56' title='bbox 2036 1058 2415 1126; x_wconf 89' lang='lat' dir='ltr'><strong>abiudicant</strong></span> <span class='ocrx_word' id='word_1_57' title='bbox 2448 1062 2815 1143; x_wconf 86' lang='lat' dir='ltr'><strong>propterea,</strong></span> 
     </span>
     <span class='ocr_line' id='line_1_8' title="bbox 497 1163 2859 1251; baseline -0.002 -15"><span class='ocrx_word' id='word_1_58' title='bbox 497 1170 664 1251; x_wconf 91' lang='lat' dir='ltr'><strong>quod</strong></span> <span class='ocrx_word' id='word_1_59' title='bbox 707 1172 854 1235; x_wconf 90' lang='lat' dir='ltr'><strong>tota</strong></span> <span class='ocrx_word' id='word_1_60' title='bbox 894 1168 1009 1234; x_wconf 93' lang='lat' dir='ltr'><strong>illa</strong></span> <span class='ocrx_word' id='word_1_61' title='bbox 1057 1164 1350 1233; x_wconf 89' lang='lat' dir='ltr'><strong>oratione</strong></span> <span class='ocrx_word' id='word_1_62' title='bbox 1395 1167 1608 1233; x_wconf 91' lang='lat' dir='ltr'><strong>omnia</strong></span> <span class='ocrx_word' id='word_1_63' title='bbox 1655 1163 1889 1248; x_wconf 87' lang='lat' dir='ltr'><strong>susque</strong></span> <span class='ocrx_word' id='word_1_64' title='bbox 1921 1169 2140 1249; x_wconf 32' lang='lat' dir='ltr'><strong>*deque</strong></span> <span class='ocrx_word' id='word_1_65' title='bbox 2161 1218 2162 1223; x_wconf 16' lang='grc' dir='ltr'>η</span> <span class='ocrx_word' id='word_1_66' title='bbox 2181 1168 2345 1235; x_wconf 89' lang='lat' dir='ltr'><strong>adeo</strong></span> <span class='ocrx_word' id='word_1_67' title='bbox 2385 1167 2707 1250; x_wconf 87' lang='lat' dir='ltr'><strong>permixta</strong></span> <span class='ocrx_word' id='word_1_68' title='bbox 2750 1165 2859 1232; x_wconf 78' lang='lat' dir='ltr'><strong>et&#39;</strong></span> 
     </span>
     <span class='ocr_line' id='line_1_9' title="bbox 500 1275 2821 1360; baseline -0.002 -16"><span class='ocrx_word' id='word_1_69' title='bbox 500 1279 790 1360; x_wconf 89' lang='lat' dir='ltr'><strong>turbata,</strong></span> <span class='ocrx_word' id='word_1_70' title='bbox 839 1280 976 1343; x_wconf 90' lang='lat' dir='ltr'><strong>tam</strong></span> <span class='ocrx_word' id='word_1_71' title='bbox 1009 1277 1357 1358; x_wconf 91' lang='lat' dir='ltr'><strong>abruptum</strong></span> <span class='ocrx_word' id='word_1_72' title='bbox 1393 1275 1651 1342; x_wconf 90' lang='lat' dir='ltr'><strong>dicendi</strong></span> <span class='ocrx_word' id='word_1_73' title='bbox 1670 1293 1897 1359; x_wconf 87' lang='lat' dir='ltr'><strong>genus,</strong></span> <span class='ocrx_word' id='word_1_74' title='bbox 1941 1276 2416 1343; x_wconf 89' lang='lat' dir='ltr'><strong>sententiarum</strong></span> <span class='ocrx_word' id='word_1_75' title='bbox 2443 1294 2651 1343; x_wconf 84' lang='lat' dir='ltr'><strong>nexus</strong></span> <span class='ocrx_word' id='word_1_76' title='bbox 2680 1279 2821 1342; x_wconf 90' lang='lat' dir='ltr'><strong>tam</strong></span> 
     </span>
     <span class='ocr_line' id='line_1_10' title="bbox 501 1384 2819 1469; baseline -0.002 -16"><span class='ocrx_word' id='word_1_77' title='bbox 501 1387 825 1469; x_wconf 81' lang='lat' dir='ltr'><strong>confusuS,</strong></span> <span class='ocrx_word' id='word_1_78' title='bbox 867 1384 1196 1452; x_wconf 78' lang='lat' dir='ltr'><strong>enarratio</strong></span> <span class='ocrx_word' id='word_1_79' title='bbox 1229 1389 1367 1450; x_wconf 92' lang='lat' dir='ltr'><strong>tam</strong></span> <span class='ocrx_word' id='word_1_80' title='bbox 1397 1386 1711 1468; x_wconf 86' lang='lat' dir='ltr'><strong>perplexa</strong></span> <span class='ocrx_word' id='word_1_81' title='bbox 1741 1389 1810 1450; x_wconf 92' lang='lat' dir='ltr'><strong>et</strong></span> <span class='ocrx_word' id='word_1_82' title='bbox 1856 1385 2149 1467; x_wconf 87' lang='lat' dir='ltr'><strong>obscura,</strong></span> <span class='ocrx_word' id='word_1_83' title='bbox 2197 1390 2392 1452; x_wconf 89' lang='lat' dir='ltr'><strong>tanta</strong></span> <span class='ocrx_word' id='word_1_84' title='bbox 2421 1385 2819 1468; x_wconf 83' lang='lat' dir='ltr'><strong>superiorum</strong></span> 
     </span>
     <span class='ocr_line' id='line_1_11' title="bbox 498 1492 2815 1576; baseline -0 -15"><span class='ocrx_word' id='word_1_85' title='bbox 498 1513 845 1563; x_wconf 91' lang='lat' dir='ltr'><strong>causarum</strong></span> <span class='ocrx_word' id='word_1_86' title='bbox 896 1493 1191 1570; x_wconf 87' lang='lat' dir='ltr'><strong>confusio</strong></span> <span class='ocrx_word' id='word_1_87' title='bbox 1251 1497 1592 1576; x_wconf 77' lang='lat' dir='ltr'><strong>cernatur,</strong></span> <span class='ocrx_word' id='word_1_88' title='bbox 1668 1497 1776 1575; x_wconf 91' lang='lat' dir='ltr'><strong>ut,</strong></span> <span class='ocrx_word' id='word_1_89' title='bbox 1846 1493 2141 1573; x_wconf 90' lang='lat' dir='ltr'><strong>quamvis</strong></span> <span class='ocrx_word' id='word_1_90' title='bbox 2201 1493 2365 1559; x_wconf 89' lang='lat' dir='ltr'><strong>nihil</strong></span> <span class='ocrx_word' id='word_1_91' title='bbox 2422 1492 2582 1558; x_wconf 91' lang='lat' dir='ltr'><strong>insit</strong></span> <span class='ocrx_word' id='word_1_92' title='bbox 2650 1495 2815 1574; x_wconf 91' lang='lat' dir='ltr'><strong>quod</strong></span> 
     </span>
     <span class='ocr_line' id='line_1_12' title="bbox 496 1584 2812 1693; baseline -0 -23"><span class='ocrx_word' id='word_1_93' title='bbox 496 1601 811 1670; x_wconf 84' lang='lat' dir='ltr'><strong>historiae</strong></span> <span class='ocrx_word' id='word_1_94' title='bbox 854 1601 1206 1670; x_wconf 89' lang='lat' dir='ltr'><strong>veritatem</strong></span> <span class='ocrx_word' id='word_1_95' title='bbox 1267 1603 1523 1683; x_wconf 88' lang='lat' dir='ltr'><strong>laedat,</strong></span> <span class='ocrx_word' id='word_1_96' title='bbox 1584 1607 1808 1667; x_wconf 89' lang='lat' dir='ltr'><strong>tamen</strong></span> <span class='ocrx_word' id='word_1_97' title='bbox 1869 1620 1947 1667; x_wconf 91' lang='lat' dir='ltr'><strong>ea</strong></span> <span class='ocrx_word' id='word_1_98' title='bbox 1991 1620 2122 1693; x_wconf 86' lang='lat' dir='ltr'><strong>non</strong></span> <span class='ocrx_word' id='word_1_99' title='bbox 2153 1584 2337 1668; x_wconf 53' lang='lat' dir='ltr'><strong>m‘odo</strong></span> <span class='ocrx_word' id='word_1_100' title='bbox 2382 1620 2510 1669; x_wconf 87' lang='lat' dir='ltr'><strong>non</strong></span> <span class='ocrx_word' id='word_1_101' title='bbox 2550 1602 2812 1686; x_wconf 85' lang='lat' dir='ltr'><strong>Lysiae,</strong></span> 
     </span>
     <span class='ocr_line' id='line_1_13' title="bbox 501 1697 2809 1795; baseline -0 -17"><span class='ocrx_word' id='word_1_102' title='bbox 501 1713 616 1778; x_wconf 91' lang='lat' dir='ltr'><strong>sed</strong></span> <span class='ocrx_word' id='word_1_103' title='bbox 675 1730 758 1777; x_wconf 88' lang='lat' dir='ltr'><strong>ne</strong></span> <span class='ocrx_word' id='word_1_104' title='bbox 818 1711 934 1777; x_wconf 90' lang='lat' dir='ltr'><strong>alii</strong></span> <span class='ocrx_word' id='word_1_105' title='bbox 986 1709 1245 1791; x_wconf 90' lang='lat' dir='ltr'><strong>quidem</strong></span> <span class='ocrx_word' id='word_1_106' title='bbox 1303 1711 1563 1792; x_wconf 89' lang='lat' dir='ltr'><strong>aequali</strong></span> <span class='ocrx_word' id='word_1_107' title='bbox 1629 1697 1953 1777; x_wconf 80' lang='lat' dir='ltr'><strong>causidico</strong></span> <span class='ocrx_word' id='word_1_108' title='bbox 2018 1710 2294 1777; x_wconf 85' lang='lat' dir='ltr'><strong>attribui</strong></span> <span class='ocrx_word' id='word_1_109' title='bbox 2343 1711 2579 1795; x_wconf 88' lang='lat' dir='ltr'><strong>possit,</strong></span> <span class='ocrx_word' id='word_1_110' title='bbox 2657 1730 2809 1793; x_wconf 89' lang='lat' dir='ltr'><strong>quos</strong></span> 
     </span>
     <span class='ocr_line' id='line_1_14' title="bbox 490 1817 2811 1902; baseline 0 -18"><span class='ocrx_word' id='word_1_111' title='bbox 490 1818 664 1901; x_wconf 91' lang='lat' dir='ltr'><strong>apud</strong></span> <span class='ocrx_word' id='word_1_112' title='bbox 724 1817 1189 1884; x_wconf 89' lang='lat' dir='ltr'><strong>Fraenkelium</strong></span> <span class='ocrx_word' id='word_1_113' title='bbox 1241 1818 1310 1884; x_wconf 90' lang='lat' dir='ltr'><strong>in</strong></span> <span class='ocrx_word' id='word_1_114' title='bbox 1370 1818 1834 1884; x_wconf 87' lang='lat' dir='ltr'><strong>dissertatione</strong></span> <span class='ocrx_word' id='word_1_115' title='bbox 1895 1818 2029 1901; x_wconf 87' lang='lat' dir='ltr'><strong>„de</strong></span> <span class='ocrx_word' id='word_1_116' title='bbox 2101 1818 2396 1884; x_wconf 90' lang='lat' dir='ltr'><strong>oratione</strong></span> <span class='ocrx_word' id='word_1_117' title='bbox 2446 1837 2561 1901; x_wconf 90' lang='lat' dir='ltr'><strong>pro</strong></span> <span class='ocrx_word' id='word_1_118' title='bbox 2624 1819 2811 1902; x_wconf 90' lang='lat' dir='ltr'><strong>Poly-</strong></span> 
     </span>
     <span class='ocr_line' id='line_1_15' title="bbox 497 1925 2821 2013; baseline -0.001 -20"><span class='ocrx_word' id='word_1_119' title='bbox 497 1929 713 2000; x_wconf 77' lang='lat' dir='ltr'><strong>strato</strong></span> <span class='ocrx_word' id='word_1_120' title='bbox 772 1925 999 1992; x_wconf 87' lang='lat' dir='ltr'><strong>habita</strong></span> <span class='ocrx_word' id='word_1_121' title='bbox 1020 1930 1051 1963; x_wconf 86' lang='lat'>“</span> <span class='ocrx_word' id='word_1_122' title='bbox 1101 1926 1344 2013; x_wconf 88' lang='lat' dir='ltr'><strong>(Berol.</strong></span> <span class='ocrx_word' id='word_1_123' title='bbox 1404 1926 1627 2013; x_wconf 81' lang='grc'><strong>1869),</strong></span> <span class='ocrx_word' id='word_1_124' title='bbox 1685 1944 1748 2007; x_wconf 90' lang='lat' dir='ltr'><strong>p.</strong></span> <span class='ocrx_word' id='word_1_125' title='bbox 1796 1931 1838 1990; x_wconf 88' lang='lat'>8</span> <span class='ocrx_word' id='word_1_126' title='bbox 1884 1943 1976 2005; x_wconf 90' lang='lat' dir='ltr'><strong>sq.</strong></span> <span class='ocrx_word' id='word_1_127' title='bbox 2040 1928 2110 1991; x_wconf 88' lang='lat' dir='ltr'><strong>et</strong></span> <span class='ocrx_word' id='word_1_128' title='bbox 2152 1926 2327 2008; x_wconf 87' lang='lat' dir='ltr'><strong>apud</strong></span> <span class='ocrx_word' id='word_1_129' title='bbox 2369 1926 2821 1993; x_wconf 88' lang='lat' dir='ltr'><strong>Albrechtium</strong></span> 
     </span>
     <span class='ocr_line' id='line_1_16' title="bbox 494 2032 2819 2116; baseline 0 -18"><span class='ocrx_word' id='word_1_130' title='bbox 494 2033 537 2100; x_wconf 90' lang='lat'><strong>1.</strong></span> <span class='ocrx_word' id='word_1_131' title='bbox 596 2033 639 2099; x_wconf 93' lang='lat'><strong>1.</strong></span> <span class='ocrx_word' id='word_1_132' title='bbox 701 2052 759 2115; x_wconf 89' lang='lat' dir='ltr'><strong>p.</strong></span> <span class='ocrx_word' id='word_1_133' title='bbox 821 2039 901 2100; x_wconf 78' lang='lat'><strong>26</strong></span> <span class='ocrx_word' id='word_1_134' title='bbox 973 2032 1333 2099; x_wconf 89' lang='lat' dir='ltr'><strong>recensitos</strong></span> <span class='ocrx_word' id='word_1_135' title='bbox 1401 2032 1715 2114; x_wconf 87' lang='lat' dir='ltr'><strong>reperies,</strong></span> <span class='ocrx_word' id='word_1_136' title='bbox 1784 2033 2243 2099; x_wconf 88' lang='lat' dir='ltr'><strong>adminiculum</strong></span> <span class='ocrx_word' id='word_1_137' title='bbox 2292 2033 2612 2116; x_wconf 86' lang='lat' dir='ltr'><strong>quoddam</strong></span> <span class='ocrx_word' id='word_1_138' title='bbox 2665 2051 2819 2099; x_wconf 90' lang='lat' dir='ltr'><strong>suae</strong></span> 
     </span>
     <span class='ocr_line' id='line_1_17' title="bbox 492 2139 2812 2224; baseline -0.001 -16"><span class='ocrx_word' id='word_1_139' title='bbox 492 2139 812 2223; x_wconf 88' lang='lat' dir='ltr'><strong>opinionis</strong></span> <span class='ocrx_word' id='word_1_140' title='bbox 868 2143 1192 2223; x_wconf 89' lang='lat' dir='ltr'><strong>repetunt.</strong></span> <span class='ocrx_word' id='word_1_141' title='bbox 1296 2143 1396 2207; x_wconf 89' lang='lat' dir='ltr'><strong>Ac</strong></span> <span class='ocrx_word' id='word_1_142' title='bbox 1454 2160 1560 2206; x_wconf 88' lang='lat' dir='ltr'><strong>res</strong></span> <span class='ocrx_word' id='word_1_143' title='bbox 1624 2140 1780 2205; x_wconf 88' lang='lat' dir='ltr'><strong>iam</strong></span> <span class='ocrx_word' id='word_1_144' title='bbox 1811 2159 1887 2206; x_wconf 90' lang='lat' dir='ltr'><strong>eo</strong></span> <span class='ocrx_word' id='word_1_145' title='bbox 1960 2140 2218 2207; x_wconf 86' lang='lat' dir='ltr'><strong>venisse</strong></span> <span class='ocrx_word' id='word_1_146' title='bbox 2258 2142 2633 2212; x_wconf 73' lang='lat' dir='ltr'><strong>‘videbatur</strong></span> <span class='ocrx_word' id='word_1_147' title='bbox 2653 2193 2669 2224; x_wconf 96' lang='lat'><strong>,</strong></span> <span class='ocrx_word' id='word_1_148' title='bbox 2738 2145 2812 2206; x_wconf 91' lang='lat' dir='ltr'><strong>ut</strong></span> 
     </span>
     <span class='ocr_line' id='line_1_18' title="bbox 492 2248 2817 2332; baseline -0.001 -16"><span class='ocrx_word' id='word_1_149' title='bbox 492 2268 704 2332; x_wconf 87' lang='lat' dir='ltr'><strong>paene</strong></span> <span class='ocrx_word' id='word_1_150' title='bbox 736 2267 922 2316; x_wconf 88' lang='lat' dir='ltr'><strong>nemo</strong></span> <span class='ocrx_word' id='word_1_151' title='bbox 963 2249 1372 2317; x_wconf 85' lang='lat' dir='ltr'><strong>inveniretur</strong></span> <span class='ocrx_word' id='word_1_152' title='bbox 1398 2249 1509 2331; x_wconf 91' lang='lat' dir='ltr'><strong>qui</strong></span> <span class='ocrx_word' id='word_1_153' title='bbox 1549 2248 1751 2315; x_wconf 92' lang='lat' dir='ltr'><strong>aliam</strong></span> <span class='ocrx_word' id='word_1_154' title='bbox 1774 2249 2068 2331; x_wconf 80' lang='lat' dir='ltr'><strong>profiteri</strong></span> <span class='ocrx_word' id='word_1_155' title='bbox 2104 2250 2380 2316; x_wconf 87' lang='lat' dir='ltr'><strong>auderet</strong></span> <span class='ocrx_word' id='word_1_156' title='bbox 2402 2250 2817 2317; x_wconf 64' lang='lat' dir='ltr'><strong>sententiam,</strong></span> 
     </span>
     <span class='ocr_line' id='line_1_19' title="bbox 495 2357 2819 2465; baseline -0 -40"><span class='ocrx_word' id='word_1_157' title='bbox 495 2377 640 2425; x_wconf 89' lang='lat' dir='ltr'><strong>cum</strong></span> <span class='ocrx_word' id='word_1_158' title='bbox 695 2377 755 2425; x_wconf 90' lang='lat' dir='ltr'><strong>a.</strong></span> <span class='ocrx_word' id='word_1_159' title='bbox 825 2363 988 2424; x_wconf 85' lang='grc'><strong>1878</strong></span> <span class='ocrx_word' id='word_1_160' title='bbox 1058 2359 1240 2423; x_wconf 90' lang='lat' dir='ltr'><strong>Aem.</strong></span> <span class='ocrx_word' id='word_1_161' title='bbox 1351 2357 1778 2423; x_wconf 88' lang='lat' dir='ltr'><strong>Albrechtius</strong></span> <span class='ocrx_word' id='word_1_162' title='bbox 1841 2374 2075 2424; x_wconf 87' lang='lat' dir='ltr'><strong>novam</strong></span> <span class='ocrx_word' id='word_1_163' title='bbox 2127 2358 2386 2440; x_wconf 77' lang='lat' dir='ltr'><strong>aperuit</strong></span> <span class='ocrx_word' id='word_1_164' title='bbox 2442 2359 2653 2446; x_wconf 86' lang='lat' dir='ltr'><strong>viam,</strong></span> <span class='ocrx_word' id='word_1_165' title='bbox 2712 2357 2819 2465; x_wconf 79' lang='lat' dir='ltr'><strong>qui</strong></span> 
     </span>
    </p>
   </div>
   <div class='ocr_carea' id='block_1_3' title="bbox 382 2465 2819 2553">
    <p class='ocr_par' dir='ltr' id='par_1_3' title="bbox 382 2465 2819 2553">
     <span class='ocr_line' id='line_1_20' title="bbox 382 2465 2819 2553; baseline 0 -20"><span class='ocrx_word' id='word_1_166' title='bbox 382 2550 383 2553; x_wconf 8' lang='grc' dir='ltr'><strong>Ἴ</strong></span> <span class='ocrx_word' id='word_1_167' title='bbox 494 2465 944 2547; x_wconf 88' lang='lat' dir='ltr'><strong>disquisitione</strong></span> <span class='ocrx_word' id='word_1_168' title='bbox 986 2470 1297 2533; x_wconf 88' lang='lat' dir='ltr'><strong>accurate</strong></span> <span class='ocrx_word' id='word_1_169' title='bbox 1352 2465 1666 2532; x_wconf 87' lang='lat' dir='ltr'><strong>instituta</strong></span> <span class='ocrx_word' id='word_1_170' title='bbox 1711 2466 2069 2532; x_wconf 86' lang='lat' dir='ltr'><strong>orationem</strong></span> <span class='ocrx_word' id='word_1_171' title='bbox 2114 2466 2489 2534; x_wconf 86' lang='lat' dir='ltr'><strong>vicesimam</strong></span> <span class='ocrx_word' id='word_1_172' title='bbox 2547 2468 2629 2533; x_wconf 90' lang='lat' dir='ltr'><strong>ab</strong></span> <span class='ocrx_word' id='word_1_173' title='bbox 2681 2468 2819 2551; x_wconf 91' lang='lat' dir='ltr'><strong>ipso</strong></span> 
     </span>
    </p>
   </div>
   <div class='ocr_carea' id='block_1_4' title="bbox 493 2575 2824 3741">
    <p class='ocr_par' dir='ltr' id='par_1_4' title="bbox 493 2575 2824 3741">
     <span class='ocr_line' id='line_1_21' title="bbox 493 2575 2820 2659; baseline 0 -17"><span class='ocrx_word' id='word_1_174' title='bbox 493 2576 700 2659; x_wconf 88' lang='lat' dir='ltr'><strong>Lysia</strong></span> <span class='ocrx_word' id='word_1_175' title='bbox 743 2576 1196 2658; x_wconf 89' lang='lat' dir='ltr'><strong>conscriptam,</strong></span> <span class='ocrx_word' id='word_1_176' title='bbox 1243 2575 1359 2641; x_wconf 89' lang='lat' dir='ltr'><strong>sed</strong></span> <span class='ocrx_word' id='word_1_177' title='bbox 1406 2594 1523 2658; x_wconf 88' lang='lat' dir='ltr'><strong>per</strong></span> <span class='ocrx_word' id='word_1_178' title='bbox 1553 2575 2047 2658; x_wconf 90' lang='lat' dir='ltr'><strong>epitomatorem</strong></span> <span class='ocrx_word' id='word_1_179' title='bbox 2092 2579 2464 2658; x_wconf 86' lang='lat' dir='ltr'><strong>corruptam</strong></span> <span class='ocrx_word' id='word_1_180' title='bbox 2510 2595 2654 2643; x_wconf 88' lang='lat' dir='ltr'><strong>esse</strong></span> <span class='ocrx_word' id='word_1_181' title='bbox 2680 2596 2820 2643; x_wconf 89' lang='lat' dir='ltr'><strong>meo</strong></span> 
     </span>
     <span class='ocr_line' id='line_1_22' title="bbox 496 2682 2820 2768; baseline 0 -19"><span class='ocrx_word' id='word_1_182' title='bbox 496 2683 754 2765; x_wconf 86' lang='lat' dir='ltr'><strong>quidem</strong></span> <span class='ocrx_word' id='word_1_183' title='bbox 794 2682 1033 2750; x_wconf 89' lang='lat' dir='ltr'><strong>iudicio</strong></span> <span class='ocrx_word' id='word_1_184' title='bbox 1080 2683 1299 2750; x_wconf 89' lang='lat' dir='ltr'><strong>evicit.</strong></span> <span class='ocrx_word' id='word_1_185' title='bbox 1367 2682 1703 2750; x_wconf 90' lang='lat' dir='ltr'><strong>Habemus</strong></span> <span class='ocrx_word' id='word_1_186' title='bbox 1743 2684 1946 2767; x_wconf 84' lang='lat' dir='ltr'><strong>igitur</strong></span> <span class='ocrx_word' id='word_1_187' title='bbox 1974 2702 2169 2750; x_wconf 88' lang='lat' dir='ltr'><strong>unam</strong></span> <span class='ocrx_word' id='word_1_188' title='bbox 2200 2684 2445 2768; x_wconf 85' lang='lat' dir='ltr'><strong>Lysiae</strong></span> <span class='ocrx_word' id='word_1_189' title='bbox 2472 2685 2820 2768; x_wconf 84' lang='lat' dir='ltr'><strong>genuinam</strong></span> 
     </span>
     <span class='ocr_line' id='line_1_23' title="bbox 497 2790 2821 2877; baseline 0 -19"><span class='ocrx_word' id='word_1_190' title='bbox 497 2790 854 2859; x_wconf 88' lang='lat' dir='ltr'><strong>orationem</strong></span> <span class='ocrx_word' id='word_1_191' title='bbox 928 2809 1117 2871; x_wconf 91' lang='lat' dir='ltr'><strong>quam</strong></span> <span class='ocrx_word' id='word_1_192' title='bbox 1188 2791 1391 2856; x_wconf 90' lang='lat' dir='ltr'><strong>multo</strong></span> <span class='ocrx_word' id='word_1_193' title='bbox 1446 2794 1604 2856; x_wconf 88' lang='lat' dir='ltr'><strong>ante</strong></span> <span class='ocrx_word' id='word_1_194' title='bbox 1670 2790 2243 2857; x_wconf 86' lang='lat' dir='ltr'><strong>Eratosthenicam</strong></span> <span class='ocrx_word' id='word_1_195' title='bbox 2303 2793 2616 2877; x_wconf 89' lang='lat' dir='ltr'><strong>scriptam</strong></span> <span class='ocrx_word' id='word_1_196' title='bbox 2677 2810 2821 2858; x_wconf 91' lang='lat' dir='ltr'><strong>esse</strong></span> 
     </span>
     <span class='ocr_line' id='line_1_24' title="bbox 497 2898 2822 2994; baseline 0 -27"><span class='ocrx_word' id='word_1_197' title='bbox 497 2899 688 2994; x_wconf 86' lang='lat' dir='ltr'><strong>hodie</strong></span> <span class='ocrx_word' id='word_1_198' title='bbox 728 2917 845 2982; x_wconf 88' lang='lat' dir='ltr'><strong>pro</strong></span> <span class='ocrx_word' id='word_1_199' title='bbox 883 2904 1062 2966; x_wconf 89' lang='lat' dir='ltr'><strong>certo</strong></span> <span class='ocrx_word' id='word_1_200' title='bbox 1107 2899 1359 2967; x_wconf 82' lang='lat' dir='ltr'><strong>scimus</strong></span> <span class='ocrx_word' id='word_1_201' title='bbox 1429 2898 1801 2982; x_wconf 78' lang='lat' dir='ltr'><strong>Quaeritur,</strong></span> <span class='ocrx_word' id='word_1_202' title='bbox 1847 2917 2060 2964; x_wconf 91' lang='lat' dir='ltr'><strong>nonne</strong></span> <span class='ocrx_word' id='word_1_203' title='bbox 2091 2899 2291 2966; x_wconf 88' lang='lat' dir='ltr'><strong>etiam</strong></span> <span class='ocrx_word' id='word_1_204' title='bbox 2336 2902 2560 2984; x_wconf 89' lang='lat' dir='ltr'><strong>plures</strong></span> <span class='ocrx_word' id='word_1_205' title='bbox 2594 2919 2822 2967; x_wconf 88' lang='lat' dir='ltr'><strong>eruere</strong></span> 
     </span>
     <span class='ocr_line' id='line_1_25' title="bbox 497 3006 2824 3093; baseline -0 -16"><span class='ocrx_word' id='word_1_206' title='bbox 497 3009 816 3093; x_wconf 91' lang='lat' dir='ltr'><strong>possimus</strong></span> <span class='ocrx_word' id='word_1_207' title='bbox 845 3026 1006 3090; x_wconf 88' lang='lat' dir='ltr'><strong>quas</strong></span> <span class='ocrx_word' id='word_1_208' title='bbox 1037 3007 1150 3074; x_wconf 91' lang='lat' dir='ltr'><strong>illo</strong></span> <span class='ocrx_word' id='word_1_209' title='bbox 1174 3011 1467 3089; x_wconf 88' lang='lat' dir='ltr'><strong>tempore</strong></span> <span class='ocrx_word' id='word_1_210' title='bbox 1515 3006 1903 3089; x_wconf 89' lang='lat' dir='ltr'><strong>conscripsit</strong></span> <span class='ocrx_word' id='word_1_211' title='bbox 1931 3007 2184 3090; x_wconf 90' lang='lat' dir='ltr'><strong>Lysias.</strong></span> <span class='ocrx_word' id='word_1_212' title='bbox 2269 3011 2409 3075; x_wconf 91' lang='lat' dir='ltr'><strong>Iam</strong></span> <span class='ocrx_word' id='word_1_213' title='bbox 2430 3010 2482 3075; x_wconf 90' lang='grc' dir='ltr'><strong>Ι.</strong></span> <span class='ocrx_word' id='word_1_214' title='bbox 2504 3008 2824 3076; x_wconf 87' lang='lat' dir='ltr'><strong>Franzius</strong></span> 
     </span>
     <span class='ocr_line' id='line_1_26' title="bbox 499 3115 2823 3200; baseline -0.001 -15"><span class='ocrx_word' id='word_1_215' title='bbox 499 3119 664 3186; x_wconf 89' lang='lat' dir='ltr'><strong>duas</strong></span> <span class='ocrx_word' id='word_1_216' title='bbox 706 3118 874 3183; x_wconf 91' lang='lat' dir='ltr'><strong>alias</strong></span> <span class='ocrx_word' id='word_1_217' title='bbox 916 3116 1246 3183; x_wconf 87' lang='lat' dir='ltr'><strong>orationes</strong></span> <span class='ocrx_word' id='word_1_218' title='bbox 1289 3116 1498 3182; x_wconf 90' lang='lat' dir='ltr'><strong>eidem</strong></span> <span class='ocrx_word' id='word_1_219' title='bbox 1529 3115 1808 3198; x_wconf 85' lang='lat' dir='ltr'><strong>tempori</strong></span> <span class='ocrx_word' id='word_1_220' title='bbox 1851 3115 2236 3200; x_wconf 86' lang='lat' dir='ltr'><strong>assignavit,</strong></span> <span class='ocrx_word' id='word_1_221' title='bbox 2284 3118 2607 3200; x_wconf 81' lang='lat' dir='ltr'><strong>octavam,</strong></span> <span class='ocrx_word' id='word_1_222' title='bbox 2656 3135 2823 3197; x_wconf 90' lang='lat' dir='ltr'><strong>quae</strong></span> 
     </span>
     <span class='ocr_line' id='line_1_27' title="bbox 498 3217 2823 3311; baseline -0.001 -18"><span class='ocrx_word' id='word_1_223' title='bbox 498 3223 671 3311; x_wconf 81' lang='grc' dir='ltr'><strong><em>πρὸς</em></strong></span> <span class='ocrx_word' id='word_1_224' title='bbox 717 3221 876 3303; x_wconf 80' lang='grc' dir='ltr'><strong>τούς</strong></span> <span class='ocrx_word' id='word_1_225' title='bbox 921 3219 1396 3301; x_wconf 76' lang='grc' dir='ltr'><strong><em>συνουσιαστὰς</em></strong></span> <span class='ocrx_word' id='word_1_226' title='bbox 1419 3223 1822 3308; x_wconf 80' lang='lat' dir='ltr'><strong>inscribitur,</strong></span> <span class='ocrx_word' id='word_1_227' title='bbox 1870 3228 1940 3290; x_wconf 80' lang='lat' dir='ltr'><strong>et</strong></span> <span class='ocrx_word' id='word_1_228' title='bbox 1982 3243 2218 3291; x_wconf 87' lang='lat' dir='ltr'><strong>nonam</strong></span> <span class='ocrx_word' id='word_1_229' title='bbox 2260 3217 2428 3310; x_wconf 75' lang='grc' dir='ltr'>ὑπὲρ</span> <span class='ocrx_word' id='word_1_230' title='bbox 2468 3227 2590 3290; x_wconf 81' lang='grc' dir='ltr'><strong>τοῦ</strong></span> <span class='ocrx_word' id='word_1_231' title='bbox 2634 3243 2823 3311; x_wconf 76' lang='grc' dir='ltr'><strong><em>στρα-</em></strong></span> 
     </span>
     <span class='ocr_line' id='line_1_28' title="bbox 496 3328 2820 3421; baseline -0 -21"><span class='ocrx_word' id='word_1_232' title='bbox 496 3328 748 3401; x_wconf 72' lang='grc' dir='ltr'><strong><em>τιώτου</em></strong></span> <span class='ocrx_word' id='word_1_233' title='bbox 794 3334 918 3421; x_wconf 90' lang='lat' dir='ltr'><strong>(ed.</strong></span> <span class='ocrx_word' id='word_1_234' title='bbox 966 3332 1115 3419; x_wconf 87' lang='lat' dir='ltr'><strong>Lys.</strong></span> <span class='ocrx_word' id='word_1_235' title='bbox 1160 3330 1332 3398; x_wconf 89' lang='lat' dir='ltr'><strong>Mon.</strong></span> <span class='ocrx_word' id='word_1_236' title='bbox 1385 3337 1585 3416; x_wconf 88' lang='lat'><strong>1831,</strong></span> <span class='ocrx_word' id='word_1_237' title='bbox 1634 3353 1693 3415; x_wconf 93' lang='lat' dir='ltr'><strong>p.</strong></span> <span class='ocrx_word' id='word_1_238' title='bbox 1742 3337 1910 3415; x_wconf 79' lang='lat'>249).</span> <span class='ocrx_word' id='word_1_239' title='bbox 2017 3334 2117 3398; x_wconf 89' lang='lat' dir='ltr'><strong>Ac</strong></span> <span class='ocrx_word' id='word_1_240' title='bbox 2161 3333 2242 3398; x_wconf 90' lang='lat' dir='ltr'><strong>de</strong></span> <span class='ocrx_word' id='word_1_241' title='bbox 2285 3337 2524 3398; x_wconf 88' lang='lat' dir='ltr'><strong>octava</strong></span> <span class='ocrx_word' id='word_1_242' title='bbox 2565 3334 2820 3414; x_wconf 86' lang='lat' dir='ltr'><strong>quidem</strong></span> 
     </span>
     <span class='ocr_line' id='line_1_29' title="bbox 502 3441 2820 3523; baseline -0 -15"><span class='ocrx_word' id='word_1_243' title='bbox 502 3442 807 3508; x_wconf 89' lang='lat' dir='ltr'><strong>oratione</strong></span> <span class='ocrx_word' id='word_1_244' title='bbox 852 3441 1030 3508; x_wconf 33' lang='lat' dir='ltr'><strong>inter*</strong></span> <span class='ocrx_word' id='word_1_245' title='bbox 1069 3441 1244 3508; x_wconf 90' lang='lat' dir='ltr'><strong>viros</strong></span> <span class='ocrx_word' id='word_1_246' title='bbox 1276 3442 1501 3507; x_wconf 86' lang='lat' dir='ltr'><strong>doctos</strong></span> <span class='ocrx_word' id='word_1_247' title='bbox 1544 3441 1825 3507; x_wconf 87' lang='lat' dir='ltr'><strong>maxima</strong></span> <span class='ocrx_word' id='word_1_248' title='bbox 1867 3441 2181 3507; x_wconf 88' lang='lat' dir='ltr'><strong>dissensio</strong></span> <span class='ocrx_word' id='word_1_249' title='bbox 2225 3444 2454 3507; x_wconf 86' lang='lat' dir='ltr'><strong>exorta</strong></span> <span class='ocrx_word' id='word_1_250' title='bbox 2497 3446 2626 3507; x_wconf 71' lang='lat' dir='ltr'><strong>est.‘</strong></span> <span class='ocrx_word' id='word_1_251' title='bbox 2690 3441 2820 3523; x_wconf 91' lang='lat' dir='ltr'><strong>Ly-</strong></span> 
     </span>
     <span class='ocr_line' id='line_1_30' title="bbox 499 3549 2819 3633; baseline -0.002 -17"><span class='ocrx_word' id='word_1_252' title='bbox 499 3549 728 3616; x_wconf 89' lang='lat' dir='ltr'><strong>siaene</strong></span> <span class='ocrx_word' id='word_1_253' title='bbox 785 3567 870 3614; x_wconf 92' lang='lat' dir='ltr'><strong>an</strong></span> <span class='ocrx_word' id='word_1_254' title='bbox 925 3549 1041 3615; x_wconf 88' lang='lat' dir='ltr'><strong>alii</strong></span> <span class='ocrx_word' id='word_1_255' title='bbox 1091 3549 1212 3614; x_wconf 90' lang='lat' dir='ltr'><strong>hoc</strong></span> <span class='ocrx_word' id='word_1_256' title='bbox 1265 3549 1639 3630; x_wconf 88' lang='lat' dir='ltr'><strong>opusculum</strong></span> <span class='ocrx_word' id='word_1_257' title='bbox 1693 3549 2180 3617; x_wconf 89' lang='lat' dir='ltr'><strong>attribuendum</strong></span> <span class='ocrx_word' id='word_1_258' title='bbox 2236 3553 2442 3632; x_wconf 88' lang='lat' dir='ltr'><strong>esset,</strong></span> <span class='ocrx_word' id='word_1_259' title='bbox 2498 3549 2819 3633; x_wconf 83' lang='lat' dir='ltr'><strong>Taylorus</strong></span> 
     </span>
     <span class='ocr_line' id='line_1_31' title="bbox 501 3656 2819 3741; baseline -0.002 -17"><span class='ocrx_word' id='word_1_260' title='bbox 501 3663 571 3724; x_wconf 89' lang='lat' dir='ltr'><strong>et</strong></span> <span class='ocrx_word' id='word_1_261' title='bbox 611 3656 918 3723; x_wconf 88' lang='lat' dir='ltr'><strong>Reiskius</strong></span> <span class='ocrx_word' id='word_1_262' title='bbox 959 3657 1029 3722; x_wconf 92' lang='lat' dir='ltr'><strong>in</strong></span> <span class='ocrx_word' id='word_1_263' title='bbox 1072 3656 1281 3723; x_wconf 89' lang='lat' dir='ltr'><strong>medio</strong></span> <span class='ocrx_word' id='word_1_264' title='bbox 1325 3657 1769 3739; x_wconf 79' lang='lat' dir='ltr'><strong>reliquerunt3</strong></span> <span class='ocrx_word' id='word_1_265' title='bbox 1816 3657 2254 3724; x_wconf 89' lang='lat' dir='ltr'><strong>Hoelscherus</strong></span> <span class='ocrx_word' id='word_1_266' title='bbox 2294 3678 2354 3741; x_wconf 70' lang='lat' dir='ltr'><strong>p.v</strong></span> <span class='ocrx_word' id='word_1_267' title='bbox 2403 3664 2482 3725; x_wconf 81' lang='lat'><strong>’72</strong></span> <span class='ocrx_word' id='word_1_268' title='bbox 2524 3662 2593 3724; x_wconf 92' lang='lat' dir='ltr'><strong>et</strong></span> <span class='ocrx_word' id='word_1_269' title='bbox 2632 3656 2819 3722; x_wconf 88' lang='lat' dir='ltr'><strong>Blas-</strong></span> 
     </span>
    </p>
   </div>
   <div class='ocr_carea' id='block_1_5' title="bbox 342 3764 2819 3870">
    <p class='ocr_par' dir='ltr' id='par_1_5' title="bbox 342 3764 2819 3870">
     <span class='ocr_line' id='line_1_32' title="bbox 342 3764 2819 3870; baseline 0.002 -47"><span class='ocrx_word' id='word_1_270' title='bbox 342 3784 419 3870; x_wconf 13' lang='grc' dir='ltr'><strong>»ἃ</strong></span> <span class='ocrx_word' id='word_1_271' title='bbox 500 3766 634 3832; x_wconf 90' lang='lat' dir='ltr'><strong>sius</strong></span> <span class='ocrx_word' id='word_1_272' title='bbox 675 3767 755 3832; x_wconf 91' lang='lat' dir='ltr'><strong>A.</strong></span> <span class='ocrx_word' id='word_1_273' title='bbox 817 3766 893 3832; x_wconf 92' lang='grc' dir='ltr'><strong>Β.</strong></span> <span class='ocrx_word' id='word_1_274' title='bbox 935 3766 1001 3848; x_wconf 90' lang='grc' dir='ltr'><strong>Ι,</strong></span> <span class='ocrx_word' id='word_1_275' title='bbox 1046 3785 1108 3848; x_wconf 93' lang='lat' dir='ltr'><strong>p.</strong></span> <span class='ocrx_word' id='word_1_276' title='bbox 1170 3770 1299 3833; x_wconf 82' lang='lat'><strong>655</strong></span> <span class='ocrx_word' id='word_1_277' title='bbox 1354 3765 1715 3833; x_wconf 85' lang='lat' dir='ltr'><strong>orationem</strong></span> <span class='ocrx_word' id='word_1_278' title='bbox 1767 3785 1896 3834; x_wconf 87' lang='lat' dir='ltr'><strong>non</strong></span> <span class='ocrx_word' id='word_1_279' title='bbox 1953 3766 2313 3850; x_wconf 87' lang='lat' dir='ltr'><strong>Lysianam</strong></span> <span class='ocrx_word' id='word_1_280' title='bbox 2332 3818 2347 3849; x_wconf 84' lang='lat'><strong>,</strong></span> <span class='ocrx_word' id='word_1_281' title='bbox 2402 3768 2517 3834; x_wconf 92' lang='lat' dir='ltr'><strong>sed</strong></span> <span class='ocrx_word' id='word_1_282' title='bbox 2571 3764 2819 3832; x_wconf 89' lang='lat' dir='ltr'><strong>rhetori</strong></span> 
     </span>
    </p>
   </div>
   <div class='ocr_carea' id='block_1_6' title="bbox 497 3873 2816 3957">
    <p class='ocr_par' dir='ltr' id='par_1_6' title="bbox 497 3873 2816 3957">
     <span class='ocr_line' id='line_1_33' title="bbox 497 3873 2816 3957; baseline 0 -18"><span class='ocrx_word' id='word_1_283' title='bbox 497 3873 880 3956; x_wconf 92' lang='lat' dir='ltr'><strong>posterioris</strong></span> <span class='ocrx_word' id='word_1_284' title='bbox 936 3874 1182 3940; x_wconf 91' lang='lat' dir='ltr'><strong>aetatis</strong></span> <span class='ocrx_word' id='word_1_285' title='bbox 1231 3873 1697 3957; x_wconf 85' lang='lat' dir='ltr'><strong>assignandam</strong></span> <span class='ocrx_word' id='word_1_286' title='bbox 1749 3892 1891 3941; x_wconf 87' lang='lat' dir='ltr'><strong>esse</strong></span> <span class='ocrx_word' id='word_1_287' title='bbox 1953 3875 2397 3941; x_wconf 88' lang='lat' dir='ltr'><strong>demonstrare</strong></span> <span class='ocrx_word' id='word_1_288' title='bbox 2437 3875 2816 3955; x_wconf 83' lang='lat' dir='ltr'><strong>voluerunt3</strong></span> 
     </span>
    </p>
   </div>
   <div class='ocr_carea' id='block_1_7' title="bbox 499 4062 2819 4407">
    <p class='ocr_par' dir='ltr' id='par_1_7' title="bbox 499 4062 2819 4407">
     <span class='ocr_line' id='line_1_34' title="bbox 711 4062 2819 4133; baseline 0.001 -17"><span class='ocrx_word' id='word_1_289' title='bbox 711 4064 752 4131; x_wconf 87' lang='lat'><strong>¹)</strong></span> <span class='ocrx_word' id='word_1_290' title='bbox 786 4062 973 4118; x_wconf 81' lang='lat' dir='ltr'><strong>Gesch.</strong></span> <span class='ocrx_word' id='word_1_291' title='bbox 1015 4063 1064 4118; x_wconf 90' lang='lat' dir='ltr'><strong>d.</strong></span> <span class='ocrx_word' id='word_1_292' title='bbox 1103 4064 1300 4133; x_wconf 86' lang='lat' dir='ltr'><strong>griech.</strong></span> <span class='ocrx_word' id='word_1_293' title='bbox 1344 4066 1596 4120; x_wconf 85' lang='lat' dir='ltr'><strong>Litterat.</strong></span> <span class='ocrx_word' id='word_1_294' title='bbox 1644 4065 1718 4130; x_wconf 88' lang='grc' dir='ltr'><strong>ΙΙ,</strong></span> <span class='ocrx_word' id='word_1_295' title='bbox 1767 4082 1820 4133; x_wconf 75' lang='grc' dir='ltr'><strong>Ρ.</strong></span> <span class='ocrx_word' id='word_1_296' title='bbox 1865 4065 1982 4131; x_wconf 82' lang='grc'><strong>382,</strong></span> <span class='ocrx_word' id='word_1_297' title='bbox 2031 4068 2211 4120; x_wconf 89' lang='lat' dir='ltr'><strong>annot.</strong></span> <span class='ocrx_word' id='word_1_298' title='bbox 2260 4067 2319 4118; x_wconf 85' lang='lat'><strong>2:</strong></span> <span class='ocrx_word' id='word_1_299' title='bbox 2372 4065 2503 4133; x_wconf 89' lang='lat' dir='ltr'><strong>„Die</strong></span> <span class='ocrx_word' id='word_1_300' title='bbox 2549 4065 2691 4120; x_wconf 84' lang='lat' dir='ltr'><strong>Rede</strong></span> <span class='ocrx_word' id='word_1_301' title='bbox 2735 4064 2819 4119; x_wconf 79' lang='lat' dir='ltr'><strong>fur</strong></span> 
     </span>
     <span class='ocr_line' id='line_1_35' title="bbox 499 4144 2818 4222; baseline 0.001 -14"><span class='ocrx_word' id='word_1_302' title='bbox 499 4144 843 4222; x_wconf 86' lang='lat' dir='ltr'><strong>Polystratos</strong></span> <span class='ocrx_word' id='word_1_303' title='bbox 894 4153 1085 4222; x_wconf 73' lang='lat' dir='ltr'><strong>gehiirt</strong></span> <span class='ocrx_word' id='word_1_304' title='bbox 1127 4155 1279 4209; x_wconf 90' lang='lat' dir='ltr'><strong>nicht</strong></span> <span class='ocrx_word' id='word_1_305' title='bbox 1325 4156 1381 4209; x_wconf 92' lang='lat' dir='ltr'><strong>in</strong></span> <span class='ocrx_word' id='word_1_306' title='bbox 1417 4156 1502 4211; x_wconf 86' lang='lat' dir='ltr'><strong>die</strong></span> <span class='ocrx_word' id='word_1_307' title='bbox 1538 4155 1656 4210; x_wconf 86' lang='lat' dir='ltr'><strong>Zcit</strong></span> <span class='ocrx_word' id='word_1_308' title='bbox 1691 4155 1783 4210; x_wconf 85' lang='lat' dir='ltr'><strong>der</strong></span> <span class='ocrx_word' id='word_1_309' title='bbox 1819 4155 2185 4221; x_wconf 86' lang='lat' dir='ltr'><strong>Vierhundert‚</strong></span> <span class='ocrx_word' id='word_1_310' title='bbox 2227 4155 2451 4210; x_wconf 87' lang='lat' dir='ltr'><strong>sondern</strong></span> <span class='ocrx_word' id='word_1_311' title='bbox 2486 4156 2562 4210; x_wconf 89' lang='lat' dir='ltr'><strong>ist</strong></span> <span class='ocrx_word' id='word_1_312' title='bbox 2607 4156 2691 4211; x_wconf 83' lang='lat' dir='ltr'><strong>bei</strong></span> <span class='ocrx_word' id='word_1_313' title='bbox 2727 4157 2818 4211; x_wconf 87' lang='lat' dir='ltr'><strong>der</strong></span> 
     </span>
     <span class='ocr_line' id='line_1_36' title="bbox 499 4244 2816 4316; baseline 0 -18"><span class='ocrx_word' id='word_1_314' title='bbox 499 4244 739 4313; x_wconf 76' lang='lat' dir='ltr'><strong>Priifung</strong></span> <span class='ocrx_word' id='word_1_315' title='bbox 774 4276 840 4283; x_wconf 90' lang='lat'>—</span> <span class='ocrx_word' id='word_1_316' title='bbox 879 4245 1175 4312; x_wconf 78' lang='grc' dir='ltr'><strong><em>δοκιμασία</em></strong></span> <span class='ocrx_word' id='word_1_317' title='bbox 1211 4276 1277 4284; x_wconf 94' lang='lat'><strong>-—-</strong></span> <span class='ocrx_word' id='word_1_318' title='bbox 1322 4247 1589 4314; x_wconf 82' lang='lat' dir='ltr'><strong>gehalten,</strong></span> <span class='ocrx_word' id='word_1_319' title='bbox 1639 4246 1730 4302; x_wconf 88' lang='lat' dir='ltr'><strong>der</strong></span> <span class='ocrx_word' id='word_1_320' title='bbox 1769 4246 1828 4301; x_wconf 88' lang='lat' dir='ltr'><strong>P.</strong></span> <span class='ocrx_word' id='word_1_321' title='bbox 1877 4247 1963 4300; x_wconf 82' lang='lat' dir='ltr'><strong>als</strong></span> <span class='ocrx_word' id='word_1_322' title='bbox 1994 4247 2243 4301; x_wconf 83' lang='lat' dir='ltr'><strong>Beamter</strong></span> <span class='ocrx_word' id='word_1_323' title='bbox 2289 4247 2459 4301; x_wconf 86' lang='lat' dir='ltr'><strong>seiner</strong></span> <span class='ocrx_word' id='word_1_324' title='bbox 2498 4247 2667 4316; x_wconf 89' lang='lat' dir='ltr'><strong>Phyle</strong></span> <span class='ocrx_word' id='word_1_325' title='bbox 2704 4246 2816 4302; x_wconf 88' lang='lat' dir='ltr'><strong>sich</strong></span> 
     </span>
     <span class='ocr_line' id='line_1_37' title="bbox 499 4335 2817 4407; baseline 0 -17"><span class='ocrx_word' id='word_1_326' title='bbox 499 4335 835 4390; x_wconf 86' lang='lat' dir='ltr'><strong>unterziehen</strong></span> <span class='ocrx_word' id='word_1_327' title='bbox 873 4338 1078 4389; x_wconf 88' lang='lat' dir='ltr'><strong>musste</strong></span> <span class='ocrx_word' id='word_1_328' title='bbox 1124 4335 1231 4388; x_wconf 86' lang='lat' dir='ltr'><strong>und</strong></span> <span class='ocrx_word' id='word_1_329' title='bbox 1285 4336 1369 4390; x_wconf 87' lang='lat' dir='ltr'><strong>bei</strong></span> <span class='ocrx_word' id='word_1_330' title='bbox 1406 4337 1632 4393; x_wconf 86' lang='lat' dir='ltr'><strong>welcher</strong></span> <span class='ocrx_word' id='word_1_331' title='bbox 1668 4338 1779 4393; x_wconf 90' lang='lat' dir='ltr'><strong>ihm</strong></span> <span class='ocrx_word' id='word_1_332' title='bbox 1828 4338 2184 4407; x_wconf 82' lang='lat' dir='ltr'><strong>vorgeworfen</strong></span> <span class='ocrx_word' id='word_1_333' title='bbox 2221 4339 2413 4405; x_wconf 88' lang='lat' dir='ltr'><strong>wurde,</strong></span> <span class='ocrx_word' id='word_1_334' title='bbox 2472 4341 2618 4396; x_wconf 86' lang='lat' dir='ltr'><strong>einst</strong></span> <span class='ocrx_word' id='word_1_335' title='bbox 2663 4341 2817 4392; x_wconf 85' lang='lat' dir='ltr'><strong>unter</strong></span> 
     </span>
    </p>
   </div>
   <div class='ocr_carea' id='block_1_8' title="bbox 500 4278 3188 4503">
    <p class='ocr_par' dir='ltr' id='par_1_8' title="bbox 500 4278 3188 4503">
     <span class='ocr_line' id='line_1_38' title="bbox 3177 4278 3180 4307; baseline 0 0"><span class='ocrx_word' id='word_1_336' title='bbox 3177 4278 3180 4307; x_wconf 62' lang='lat' dir='ltr'><strong>l</strong></span> 
     </span>
     <span class='ocr_line' id='line_1_39' title="bbox 500 4408 3188 4503; baseline -0.014 -19"><span class='ocrx_word' id='word_1_337' title='bbox 500 4427 601 4484; x_wconf 83' lang='lat' dir='ltr'><strong>den</strong></span> <span class='ocrx_word' id='word_1_338' title='bbox 638 4424 990 4481; x_wconf 81' lang='lat' dir='ltr'><strong>Vierhundert</strong></span> <span class='ocrx_word' id='word_1_339' title='bbox 1023 4441 1264 4495; x_wconf 70' lang='lat' dir='ltr'><strong>gewenen</strong></span> <span class='ocrx_word' id='word_1_340' title='bbox 1296 4443 1366 4480; x_wconf 87' lang='lat' dir='ltr'><strong>zu</strong></span> <span class='ocrx_word' id='word_1_341' title='bbox 1400 4429 1562 4483; x_wconf 85' lang='lat' dir='ltr'><strong>sein.“</strong></span> <span class='ocrx_word' id='word_1_342' title='bbox 3179 4408 3188 4503; x_wconf 44' lang='lat' dir='ltr'><strong>l</strong></span> 
     </span>
    </p>
   </div>
   <div class='ocr_carea' id='block_1_9' title="bbox 3136 0 3208 4341">
    <p class='ocr_par' dir='ltr' id='par_1_9' title="bbox 3136 0 3208 4341">
     <span class='ocr_line' id='line_1_40' title="bbox 3136 0 3208 4341; baseline 0 0"><span class='ocrx_word' id='word_1_343' title='bbox 3136 0 3208 4341; x_wconf 95' lang='lat' dir='ltr'><strong> </strong></span> 
     </span>
    </p>
   </div>
  </div>
 </body>
</html>
