3242 5042
1372 360 1793 420 „3²7-

424 532 680 596 hahere.
732 572 812 580 -
862 532 1076 608 Atque
1124 548 1192 592 se
1252 528 1528 592 iudicum
1576 528 1821 592 animus
1877 528 1997 592 sihi
2053 528 2537 589 1111111111111111111111
2589 544 2733 588 esse

420 644 640 704 uratur
696 640 908 720 potuit
964 656 1248 720 sperare,
1312 656 1452 700 eun]
1516 636 1716 700 furum
1777 652 1845 696 se
1893 652 2057 700 uuus:
2105 632 2353 696 111111111111
2397 632 2733 712 attingere

420 748 688 828 ideoque
752 748 816 812 111
876 764 1108 828 magun
1168 752 1344 812 metu
1403 744 1652 808 versari
1696 747 2285 808 *ernaulrleiuu]ranst.H
2377 740 2501 804 Hie
2561 740 2729 804 enim

420 860 564 920 erat
616 876 752 920 inus
808 872 1024 920 eurum
1072 856 1180 932 qui
1220 852 1392 932 apud
1436 852 1680 916 iudices
1724 852 2025 932 urabautf„
2077 856 2153 914 ut
2213 868 2393 912 suam
2449 848 2729 928 ipsorum

420 956 928 1052 εέπρετῃωῡὺνην
972 964 1192 1048 (lenus.
1240 960 1384 1040 KV,
1432 968 1496 1040 4]
1540 968 1608 1024 et
1656 956 1957 1044 cim-mim*
2001 960 2181 1044 (Lyre.
2233 956 2389 1039 ΧΠ,
2437 960 2501 1036 3}
2545 976 2729 1036 prae-

416 1072 712 1140 dicarent
772 1080 1000 1136 (luntre.
1060 1072 1576 1136 adversariorum
1636 1064 1981 1152 &sisterem
2037 1072 2101 1132 Εῒ
2165 1064 2497 1148 ἐμπῌῃὲεη*
2553 1064 2729 1148 (hys,

416 1180 604 1264 frgm.
632 1188 732 1260 ΨΒ,
772 1184 832 1244 4.
868 1180 1060 1260 Seu).
1128 1180 1292 1244 Nam
1328 1198 1408 1244 ea
1432 1180 1552 1244 furi
1584 1176 2085 1256 iudiciorumque
2117 1176 2469 1240 insolentia
2489 1172 2725 1256 [Cicer.

416 1308 504 1368 pr.
552 1288 740 1352 Rosa.
792 1288 1004 1352 Amer.
1056 1296 1156 1368 31,
1204 1292 1308 1372 33}
1356 1288 1700 1368 propitium
1748 1304 1825 1352 au
1873 1284 2249 1348 benevolum
2305 1282 2581 1348 iudieum
2625 1300 2733 1344 ex-

416 1396 624 1460 citare
692 1400 972 1464 debehat
1036 1400 1520 1480 pffleiudieium.
1612 1396 1925 1460 [letiferas
1989 1400 2333 1476 praeterea
2393 1392 2729 1456 [lemni-:mlh

416 1508 696 1588 XXVII,
748 1512 804 1572 2*
842 1508 980 1588 LV,
1032 1516 1088 1576 Τ.
1128 1508 1376 1588 ΙῦἾΙΙ,
1420 1512 1476 1572 3.
1520 1504 1688 1568 Isae.
1728 1504 1917 1584 VIII,
1965 1508 2021 1568 5.
2057 1504 2141 1584 X,
2193 1508 2249 1568 1.
2285 1500 2549 1580 Aut-iph,
2581 1500 2633 1580 Ι,
2673 1504 2729 1564 1,

413 1614 491 1699 V,
533 1620 592 1697 3,
639 1620 696 1681 5.
744 1615 941 1681 Isocr.
988 1614 1136 1697 XV,
1191 1620 1291 1680 26.
1330 1614 1483 1697 Lys,
1528 1611 1718 1695 XIX,
1765 1618 1822 1680 2.
1865 1610 1989 1695 frg.
2041 1615 2139 1692 16,
2184 1615 2235 1675 1.

617 1722 803 1805 Quod
861 1726 1081 1788 autem
1128 1722 1321 1788 Plato
1376 1721 1444 1788 in
1490 1720 1789 1787 Phaedro
1830 1721 2160 1785 orationes
2216 1716 2557 1783 iudiciales
2596 1715 2730 1797 Ly·

412 1830 570 1914 siae,
631 1831 863 1911 quibus
921 1848 1231 1896 summam
1290 1830 1567 1913 adeptus
1626 1834 1728 1896 est
1772 1827 2182 1910 eloquentiae
2232 1826 2489 1893 laudem
2532 1823 2728 1908 glori-

412 1957 644 2019 amque
686 1937 849 2024 (Cic.
902 1938 1085 2006 Brut.
1129 1945 1187 2016 9,
1229 1942 1356 2022 35),
1400 1939 1595 2020 plane
1640 1937 1935 2022 neglexit
1972 1941 2041 2003 et
2098 1939 2420 2003 oratorem
2470 1937 2729 1999 tantum

409 2050 676 2128 propter
698 2044 1047 2112 dictionem
1085 2046 1377 2114 fucatam
1415 2047 1739 2126 vilemque
1772 2050 1840 2112 et
1876 2044 2195 2111 rationem
2236 2063 2277 2109 a
2316 2041 2726 2124 philosophia

406 2153 634 2231 procul
691 2153 1149 2221 abhorrentem
1207 2154 1630 2238 vituperavit,
1690 2154 1820 2220 iam
1877 2175 1936 2236 p.
1988 2159 2064 2220 19
2105 2171 2194 2232 sq.
2243 2151 2723 2217 demonstrasse

409 2261 598 2352 nobis
639 2262 952 2347 videmur,
1000 2282 1167 2346 „non
1204 2264 1495 2346 potuisse
1517 2264 1862 2330 Platonem
1896 2281 2011 2344 pro
2041 2258 2293 2327 consilii
2327 2259 2427 2326 sui
2469 2258 2725 2325 ratione

408 2368 810 2466 in'Phaedro
851 2372 932 2438 de
958 2372 1203 2455 Lysiae
1236 2374 1608 2454 eloquentia
1645 2371 1935 2438 iudiciali
1972 2367 2393 2436 commentari
2429 2372 2546 2434 aut
2581 2385 2723 2450 spe-

405 2479 612 2545 cimen
654 2480 793 2546 eius
838 2484 908 2546 et
953 2483 1314 2564 exemplum
1359 2481 1621 2562 aliquod
1665 2481 1734 2546 in
1783 2479 2058 2546 medium
2105 2477 2399 2546 afferre.“
2492 2476 2721 2564 (Stall-

404 2587 614 2653 baum.
676 2588 870 2657 Proll.
927 2589 996 2655 in
1048 2589 1324 2658 Phaedr.
1384 2609 1444 2672 p.
1509 2587 1838 2675 CXXIV).
1945 2586 2165 2670 Quare
2224 2586 2407 2653 nobis
2462 2585 2718 2665 quidem

402 2714 779 2777 persuasum
824 2703 945 2779 est,
993 2716 1075 2764 ex
1101 2699 1224 2764 hac
1248 2717 1319 2764 re
1348 2698 1516 2778 quod
1541 2696 1735 2763 Plato
1776 2695 1845 2761 in
1879 2694 2176 2761 Phaedro
2218 2694 2298 2759 de
2332 2693 2537 2776 Lysia
2579 2712 2720 2761 ora-

404 2803 651 2870 tionum
687 2804 1086 2871 iudicialium
1127 2805 1444 2888 scriptore
1487 2803 1651 2871 nihil
1696 2803 2239 2885 commemoravit,
2300 2802 2478 2868 nullo
2522 2807 2716 2884 pacto

401 2911 578 2978 effici
618 2931 807 2994 posse
843 2932 963 2980 nec
1006 2915 1263 2997 debere,
1296 2919 1372 2980 ut
1413 2933 1536 2995 quo
1566 2918 1877 2996 tempore.
1898 2912 2315 2996 philosophus
2358 2929 2717 2977 sermonem

402 3020 585 3086 illum
623 3019 915 3087 habitum
943 3020 1151 3104 finxit,
1195 3026 1331 3090 tum
1358 3023 1596 3106 Lysias
1626 3020 1988 3088 istiusmodi
2024 3020 2353 3087 orationes
2388 3038 2517 3087 non
2548 3039 2713 3087 com-

399 3128 713 3209 posuen‘t.
784 3130 931 3212 Age
962 3148 1117 3197 vero
1155 3131 1308 3211 quid
1337 3132 1419 3198 de
1450 3137 1740 3198 extremo
1779 3129 2297 3198 adversariorum
2330 3134 2714 3213 argumento

401 3234 658 3302 dicam?
725 3236 1022 3304 Concedo
1069 3224 1344 3322 quidem,
1405 3239 1516 3320 qui
1571 3239 1887 3321 pecuniae
1942 3239 2153 3321 pretio
2198 3239 2347 3305 aliis
2385 3237 2715 3305 orationes

394 3342 784 3427 scripsisset,
845 3364 989 3412 eum
1048 3365 1289 3430 magna
1345 3347 1624 3438 omnium
1684 3347 2166 3429 vituperatione
2210 3364 2354 3414 esse
2396 3348 2709 3416 obrutum.

393 3451 522 3517 Sed
570 3451 722 3531 quid
768 3454 946 3537 cogit
985 3473 1102 3521 nos
1143 3459 1218 3521 ut
1261 3455 1530 3539 Lysiam
1571 3456 1939 3522 necessario
1978 3455 2320 3539 pecuniam
2364 3455 2710 3538 sumpsisse

391 3578 507 3641 pro
530 3558 931 3627 orationibus
955 3563 1341 3646 conscriptis
1369 3564 1857 3630 existimemus?
1902 3564 2130 3631 Nonne
2154 3564 2292 3632 veri
2313 3563 2707 3631 simillimum

396 3671 520 3750 est,
563 3667 829 3751 Lysiam
858 3671 1152 3750 quamvis
1179 3673 1404 3755 opibus
1433 3691 1514 3738 ac
1536 3673 1785 3740 divitiis
1813 3672 2149 3741 florentem
2181 3673 2320 3741 sive
2355 3673 2707 3740 affinitatis

389 3775 529 3842 sive
554 3775 883 3842 amicitiae
906 3777 1044 3844 sive
1075 3779 1244 3846 alius
1274 3781 1693 3848 necessitatis
1722 3781 1976 3849 vinculo
2010 3784 2390 3865 permotum,
2437 3786 2513 3848 ut
2556 3783 2706 3849 aliis

389 3888 648 3967 gratum
678 3883 973 3969 faceret,·
992 3906 1118 3953 non
1146 3891 1222 3954 ut
1251 3894 1590 3969 quaestum
1615 3889 1740 3956 sibi
1759 3893 2045 3972 pararet,
2084 3908 2166 3956 ex
2186 3894 2332 3955 arte
2354 3890 2701 3974 rhetorica,

390 4010 582 4071 quam
625 3995 708 4060 ab
767 3995 1222 4063 adulescentia
1277 4015 1420 4065 eum
1480 3998 1894 4066 factitavisse
1938 3998 2193 4082 scimuS‚
2253 3998 2509 4067 fructus
2561 4004 2702 4067 tum

396 4100 643 4180 cepisse
685 4121 878 4183 quam
918 4105 1429 4186 pulcherrimos?

591 4208 689 4274 Ac
764 4211 823 4277 si
885 4213 1049 4279 haec
1115 4218 1297 4309 recte
1362 4214 1699 4296 disputata
1757 4220 1939 4296 sunt,
2015 4215 2307 4297 quaestio
2359 4217 2699 4283 confestim

384 4316 617 4398 oritur,
675 4335 828 4382 num
869 4320 1082 4388 adhuc
1131 4326 1395 4389 exstent
1437 4321 1778 4389 iudiciales
1815 4323 2057 4406 Lysiae
2112 4322 2475 4407 orationes,
2533 4342 2699 4405 quae

381 4425 540 4489 ante
600 4422 680 4489 ol.
727 4428 874 4507 94‚2
933 4429 1341 4513 conscriptae
1395 4433 1564 4497 sunt.
1655 4429 1940 4499 Primum
2006 4431 2262 4511 quidem
2323 4433 2697 4501 vicesimam

2348 4554 2427 4606 3*
