3242 5042
500 576 884 660 duriti-susis,
932 576 1100 644 3111111.
1144 580 1440 644 rhetores
1488 580 1737 660 antiqui
1785 580 1965 644 nubis
2005 580 2289 648 tradunt.
2361 580 2625 664 Lysiam
2657 596 2809 660 quu-

500 708 620 768 11113
664 708 744 752 ex
784 688 972 752 huius
1020 688 1280 752 33113130
1316 688 1689 768 praeceptis
1725 692 1933 752 arten]
1973 688 2361 756 rhetoricam
2401 692 2525 756 13111
2553 692 2809 760 Thuriis

496 796 904 863 factitavisse
964 804 1028 860 et
1092 796 1420 860 0131101133
1464 800 1572 864 vei
1620 796 2129 864 declamationes
2181 800 2629 884 cumps-*anisam
2689 820 2809 868 nec

496 904 772 972 refutari
836 924 952 972 nec
1012 904 1444 972 demonstrari
1504 908 1741 984 potest,
1801 908 1913 972 sed
1973 924 2089 988 per
2145 924 2213 972 se
2269 908 2477 988 ipsum
2521 916 2625 972 est
2669 912 2809 976 11011

500 1016 904 1080 31111111111111111.
992 1016 1084 1080 Et
1124 1016 1180 1080 31
1224 1016 1336 1080 illa
1384 1016 1608 1092 oratis,
1657 1036 1845 1096 quam
1893 1016 2157 1100 Lysiam
2213 1036 2329 1096 pro
2373 1016 2561 1084 Nicia
2601 1019 2805 1084 Athe-

495 1124 702 1188 niensi
748 1124 1100 1204 scripsisse,
1160 1140 1288 1200 qua
1328 1124 1440 1188 ille
1488 1124 1793 1204 naptivus
1845 1124 2017 1204 apud
2065 1124 2509 1208 Syracusanus
2573 1128 2809 1208 capitis

492 1236 840 1296 assusatus
864 1248 1004 1296 3333
1048 1232 1448 1312 defenderat,
1496 1236 1785 1296 testatur
1805 1232 2293 1312 Theophrastus
2329 1236 2501 1316 aput]
2541 1232 2809 1316 Dionys.

492 1340 640 1404 Hal.
708 1341 788 1404 de
844 1340 996 1420 Lys.
1060 1356 1112 1404 c.
1176 1340 1356 1420 XIV,
1416 1360 1476 1420 p.
1536 1344 1661 1404 433
1713 1340 1805 1420 R,
1865 1344 2149 1424 genuina
2197 1348 2317 1416 est.
2373 1340 2805 1408 3311133111111111

492 1448 804 1516 habemus
872 1448 1008 1512 eius
1064 1448 1160 1512 rei
1220 1448 1681 1516 testimonium.
1785 1448 1953 1516 Nam
2017 1452 2189 1516 hanc
2253 1452 2809 1532 exemit-ationem,

496 1556 748 1636 qualem
808 1564 988 1620 rente
1052 1556 1524 1624 demonstrarit
1584 1556 1969 1640 Spengsslius
2029 1564 2189 1624 Eur-⁵.
2245 1580 2309 1640 p.
2361 1564 2477 1624 137²
2541 1580 2649 1640 sq,
2713 1560 2809 1624 illi

495 1664 787 1747 tempori,
835 1681 957 1744 quo
989 1664 1226 1747 Lysias
1257 1664 1518 1729 Thuriis
1540 1668 1909 1748 habitabat,
1948 1668 2409 1750 assignandam
2453 1685 2615 1749 esse,
2661 1685 2805 1733 cum

497 1773 800 1855 Tayloro,
848 1771 1215 1856 SpengeliO,
1254 1773 1657 1840 Hoelschero
1700 1773 2031 1855 existim03
2075 1778 2213 1839 tum
2241 1774 2614 1858 fragmenta
2644 1793 2808 1856 quae

492 1880 845 1964 Dionysias
891 1882 1183 1965 servavit
1232 1900 1452 1948 omnes
1497 1901 1610 1947 eas
1652 1881 1909 1948 dicendi
1940 1882 2187 1978 figuras
2229 1884 2602 1967 ostendunt,
2646 1902 2807 1965 quas

501 1991 862 2056 Siculorum
907 1991 1170 2057 scholae
1212 1989 1506 2072 proprias
1566 2009 1711 2056 esse
1768 1992 2199 2075 cognovimus.
2288 1991 2417 2059 Sed
2462 1992 2612 2074 quia
2651 1992 2805 2059 Dio-

489 2100 715 2182 nysius
735 2101 905 2165 hanc
928 2099 1286 2165 orationem
1299 2098 1542 2182 Lysiae
1567 2100 1933 2182 derogavit,
1952 2105 2223 2178 πολλοῖς
2242 2094 2421 2166 πάνυ
2442 2102 2806 2195 τεκμηρίοις

487 2203 830 2288 ἀποδεῖξαι
879 2201 1240 2294 δυνάμενος
1287 2207 1354 2295 (l.
1401 2207 1443 2273 1.
1489 2227 1550 2288 p.
1588 2208 1765 2293 485),
1809 2226 1951 2274 eam
1989 2207 2609 2290 praetermittamus.
2673 2207 2805 2274 Ha-

493 2317 716 2383 bemus
759 2336 915 2383 vero
967 2317 1318 2401 genuinam
1356 2316 1601 2399 Lysiae
1643 2317 2001 2382 orationem
2044 2335 2172 2382 non
2213 2317 2415 2383 multo
2458 2322 2608 2399 post
2659 2336 2807 2384 con-

490 2425 800 2508 scriptam
847 2443 1013 2505 quae
1068 2426 1238 2491 idem
1298 2424 1556 2490 dicendi
1607 2443 1815 2509 genus
1872 2425 2165 2507 praebet,
2223 2443 2581 2491 sermonem
2623 2425 2803 2490 illum

493 2534 897 2616 amatorium,
945 2552 1132 2614 quem
1169 2533 1362 2599 Plato
1410 2532 1479 2599 in
1512 2533 1882 2599 Phaedrum
1918 2533 2211 2601 inseruit.
2276 2533 2404 2599 Hic
2444 2533 2808 2600 antitheses

489 2643 938 2725 reperiuntur:
1000 2662 1059 2724 p.
1110 2645 1232 2709 233
1278 2642 1335 2707 Β
1381 2641 1458 2723 C;
1519 2661 1579 2723 p.
1629 2648 1752 2709 233
1799 2642 1858 2707 Ε
1913 2661 2115 2722 usque
2154 2643 2239 2708 ad
2284 2662 2344 2724 p.
2392 2647 2518 2709 234
2559 2643 2637 2725 B,
2696 2642 2806 2708 ubi

488 2771 648 2818 sena
705 2751 1031 2816 enuntiati
1089 2751 1376 2816 membra
1435 2750 1926 2817 accuratissime
1984 2752 2119 2817 alia
2170 2750 2320 2818 aliis
2375 2752 2801 2833 respondent3

481 2881 541 2942 p.
589 2867 712 2927 232
759 2860 840 2927 Ι).
929 2859 1185 2925 Deinde
1249 2858 1594 2942 respicias,
1659 2878 1830 2925 nova
1884 2862 2275 2942 argumenta
2340 2860 2562 2926 eodem
2617 2860 2801 2925 modo

484 2969 706 3036 afferri
736 2976 804 3034 et
833 2987 977 3034 cum
1001 2968 1321 3049 prioribus
1350 2967 1687 3051 coniungi:
1744 2967 1838 3033 sic
1868 2965 1962 3033 ἔτι
1996 2967 2070 3032 δέ
2099 2986 2160 3049 p.
2200 2973 2321 3034 231
2351 2967 2439 3049 Α;
2476 2987 2539 3050 p.
2570 2973 2693 3034 231
2725 2967 2803 3048 C;

485 3082 608 3145 232
651 3077 740 3157 Α;
791 3080 918 3142 234
960 3075 1019 3139 D
1068 3079 1137 3140 et
1175 3076 1284 3140 καί
1324 3075 1441 3160 μὲν
1483 3067 1562 3160 δή
1601 3095 1659 3157 p.
1694 3080 1813 3140 231
1842 3074 1933 3156 D3
1984 3080 2107 3142 232
2137 3074 2213 3141 Β.
2256 3080 2380 3143 232
2412 3075 2506 3156 Ε;
2557 3080 2679 3140 233
2714 3075 2799 3156 Α;

485 3188 609 3252 233
632 3184 692 3249 D
717 3185 1123 3252 adhibentur.
1161 3185 1327 3248 Tum
1347 3184 1709 3265 exemplum
1730 3174 2227 3267 ὁμοιοτελεύτου
2250 3181 2452 3249 affero
2473 3203 2534 3264 p.
2558 3187 2681 3247 233
2706 3181 2798 3263 Ε;

484 3312 610 3373 qua
658 3294 725 3359 in
751 3292 1011 3375 periodo
1051 3292 1324 3374 primum
1347 3295 1538 3358 terna
1558 3292 1762 3359 verba
1785 3292 2085 3357 similiter
2108 3293 2371 3371 cadunt,
2416 3295 2556 3356 111111
2591 3291 2801 3356 tribus

481 3403 799 3485 prioribus
858 3401 1076 3468 verbis
1133 3400 1265 3466 tria
1324 3400 1392 3466 in
1437 3401 1723 3467 secunda
1774 3399 2101 3466 enuntiati
2143 3404 2332 3481 parte
2386 3399 2798 3480 respondent.

482 3511 612 3577 Sed
656 3529 886 3578 vereor
929 3527 1012 3576 ne
1056 3511 1299 3575 multus
1342 3510 1462 3575 sim
1505 3509 1689 3575 inre
1726 3509 1891 3575 trita
1935 3528 2013 3575 ac
2059 3508 2188 3574 iam
2234 3509 2468 3575 dudum
2518 3507 2795 3591 cognita.

686 3619 814 3684 Per
847 3619 1109 3700 longum
1159 3622 1414 3699 tempus
1445 3618 1683 3700 Lysias
1718 3617 1979 3684 Thuriis
2004 3616 2172 3684 vixit
2217 3621 2286 3682 et
2330 3617 2587 3697 quidem
2632 3633 2796 3680 com-

479 3728 860 3794 modissime.
929 3728 1096 3793 Nam
1133 3727 1388 3792 domum
1420 3725 1651 3792 emisse
1686 3731 1755 3792 et
1797 3725 1869 3792 ἐν
1899 3721 2175 3814 εὐπορίᾳ
2218 3730 2443 3811 πολλῇ,
2477 3723 2797 3810 (Dionys)

477 3836 617 3902 sive
656 3839 796 3900 τῶν
837 3838 1112 3901 πολλῶν
1167 3829 1294 3901 οὐκ
1331 3831 1749 3920 ἐνδεέστερον
1790 3835 2037 3923 (Phot.)
2089 3834 2296 3902 vitam
2344 3835 2555 3918 egisse
2599 3831 2797 3898 omni-

481 3963 604 4024 que
665 3945 900 4010 civium
945 3963 1210 4011 munere
1255 3945 1522 4010 functus
1577 3962 1721 4009 esse
1773 3949 2098 4011 narratur.
2186 3946 2293 4010 An
2338 3943 2539 4027 etiam
2593 3941 2796 4025 magi-

478 4056 759 4119 stratum
820 4053 1398 4135 administraverit,
1454 4052 1520 4118 id
1588 4052 1758 4132 quod
1801 4053 1991 4118 multi
2033 4072 2069 4118 e
2114 4071 2273 4120 voce
2330 4042 2797 4145 πολιτεύεσθαι

479 4181 645 4243 quae
688 4166 794 4228 est
839 4161 907 4226 in
951 4162 1242 4227 fontibus
1285 4162 1761 4244 concluserunt,
1805 4161 2125 4228 incertum
2166 4164 2270 4227 est
2297 4178 2417 4225 nec
2444 4159 2794 4239 quidquam

476 4270 784 4336 momenti
814 4269 977 4335 facit
1009 4270 1126 4336 illa
1161 4288 1306 4336 vox,
1382 4269 1551 4336 Nam
1591 4262 2056 4336 πολιτεύεσθαι
2098 4267 2429 4353 significat
2473 4273 2543 4339 et
2586 4267 2793 4335 civem

479 4396 621 4445 esse
666 4383 735 4444 et
775 4377 1008 4445 civium
1039 4377 1177 4444 iure
1211 4378 1280 4443 in
1316 4378 1652 4460 republica
1687 4377 2206 4446 administranda
2250 4377 2456 4462 fungi.
2523 4377 2791 4461 Lysiam

476 4491 694 4556 autem
752 4485 966 4551 media
1027 4485 1094 4550 in
1138 4487 1416 4553 actione*
1450 4493 1519 4554 et
1573 4487 2141 4556 administratione
2193 4487 2590 4570 reipublicae
2647 4501 2790 4552 esse
