<?xml version="1.0" encoding="UTF-8"?>
<!DOCTYPE html PUBLIC "-//W3C//DTD XHTML 1.0 Transitional//EN"
    "http://www.w3.org/TR/xhtml1/DTD/xhtml1-transitional.dtd">
<html xmlns="http://www.w3.org/1999/xhtml" xml:lang="en" lang="en">
 <head>
  <title>
</title>
<meta http-equiv="Content-Type" content="text/html;charset=utf-8" />
  <meta name='ocr-system' content='tesseract 3.04.00' />
  <meta name='ocr-capabilities' content='ocr_page ocr_carea ocr_par ocr_line ocrx_word'/>
</head>
<body>
  <div class='ocr_page' id='page_1' title='image "./devitaelysiaeor00pretgoog_0046.png"; bbox 0 0 3242 5042; ppageno 0'>
   <div class='ocr_carea' id='block_1_1' title="bbox 1519 382 1947 446">
    <p class='ocr_par' dir='ltr' id='par_1_1' title="bbox 1519 382 1947 446">
     <span class='ocr_line' id='line_1_1' title="bbox 1519 382 1947 446; baseline 0.005 -20"><span class='ocrx_word' id='word_1_1' title='bbox 1519 382 1947 446; x_wconf 67' lang='grc'>..42-</span> 
     </span>
    </p>
   </div>
   <div class='ocr_carea' id='block_1_2' title="bbox 460 551 2880 3667">
    <p class='ocr_par' dir='ltr' id='par_1_2' title="bbox 460 551 2880 3667">
     <span class='ocr_line' id='line_1_2' title="bbox 567 551 2880 639; baseline 0.001 -22"><span class='ocrx_word' id='word_1_2' title='bbox 567 552 890 617; x_wconf 81' lang='lat' dir='ltr'>Hermone</span> <span class='ocrx_word' id='word_1_3' title='bbox 945 551 1222 630; x_wconf 87' lang='lat' dir='ltr'>quodam</span> <span class='ocrx_word' id='word_1_4' title='bbox 1250 551 1292 635; x_wconf 76' lang='lat'>¹)</span> <span class='ocrx_word' id='word_1_5' title='bbox 1350 552 1697 633; x_wconf 77' lang='lat' dir='ltr'>ablegatus</span> <span class='ocrx_word' id='word_1_6' title='bbox 1755 554 2086 616; x_wconf 85' lang='lat' dir='ltr'>trecentos</span> <span class='ocrx_word' id='word_1_7' title='bbox 2128 551 2499 639; x_wconf 75' lang='lat' dir='ltr'>(Ps-Plut.</span> <span class='ocrx_word' id='word_1_8' title='bbox 2552 557 2621 618; x_wconf 89' lang='lat' dir='ltr'>et</span> <span class='ocrx_word' id='word_1_9' title='bbox 2663 553 2880 638; x_wconf 91' lang='lat' dir='ltr'>Phot.)</span> 
     </span>
     <span class='ocr_line' id='line_1_3' title="bbox 564 657 2877 746; baseline 0.001 -21"><span class='ocrx_word' id='word_1_10' title='bbox 564 664 682 726; x_wconf 89' lang='lat' dir='ltr'>aut</span> <span class='ocrx_word' id='word_1_11' title='bbox 737 659 1127 742; x_wconf 88' lang='lat' dir='ltr'>quingentos</span> <span class='ocrx_word' id='word_1_12' title='bbox 1182 657 1373 744; x_wconf 89' lang='lat' dir='ltr'>(Iust.</span> <span class='ocrx_word' id='word_1_13' title='bbox 1416 664 1485 725; x_wconf 93' lang='lat' dir='ltr'>et</span> <span class='ocrx_word' id='word_1_14' title='bbox 1527 658 1745 746; x_wconf 89' lang='lat' dir='ltr'>Oros.)</span> <span class='ocrx_word' id='word_1_15' title='bbox 1804 658 2045 725; x_wconf 79' lang='lat' dir='ltr'>milites</span> <span class='ocrx_word' id='word_1_16' title='bbox 2096 660 2272 726; x_wconf 91' lang='lat' dir='ltr'>misit</span> <span class='ocrx_word' id='word_1_17' title='bbox 2328 665 2396 726; x_wconf 90' lang='lat' dir='ltr'>et</span> <span class='ocrx_word' id='word_1_18' title='bbox 2457 660 2877 744; x_wconf 87' lang='lat' dir='ltr'>Thrasydaeo</span> 
     </span>
     <span class='ocr_line' id='line_1_4' title="bbox 563 766 2873 863; baseline 0.001 -31"><span class='ocrx_word' id='word_1_19' title='bbox 563 769 727 833; x_wconf 86' lang='lat' dir='ltr'>Eleo</span> <span class='ocrx_word' id='word_1_20' title='bbox 758 766 1070 863; x_wconf 38' lang='lat' dir='ltr'>hospiti&amp;</span> <span class='ocrx_word' id='word_1_21' title='bbox 1130 766 1455 848; x_wconf 74' lang='lat' dir='ltr'>persuasit</span> <span class='ocrx_word' id='word_1_22' title='bbox 1512 772 1586 833; x_wconf 92' lang='lat' dir='ltr'>ut</span> <span class='ocrx_word' id='word_1_23' title='bbox 1648 767 1771 833; x_wconf 88' lang='lat' dir='ltr'>duo</span> <span class='ocrx_word' id='word_1_24' title='bbox 1832 768 2089 834; x_wconf 87' lang='lat' dir='ltr'>talenta</span> <span class='ocrx_word' id='word_1_25' title='bbox 2151 768 2614 836; x_wconf 78' lang='lat' dir='ltr'>contribueret.</span> <span class='ocrx_word' id='word_1_26' title='bbox 2704 769 2873 835; x_wconf 88' lang='lat' dir='ltr'>Num</span> 
     </span>
     <span class='ocr_line' id='line_1_5' title="bbox 562 873 2878 960; baseline 0 -19"><span class='ocrx_word' id='word_1_27' title='bbox 562 875 801 959; x_wconf 84' lang='lat' dir='ltr'>Lysias</span> <span class='ocrx_word' id='word_1_28' title='bbox 858 873 1253 956; x_wconf 85' lang='lat' dir='ltr'>Thrasybuli</span> <span class='ocrx_word' id='word_1_29' title='bbox 1311 874 1710 956; x_wconf 85' lang='lat' dir='ltr'>expeditioni</span> <span class='ocrx_word' id='word_1_30' title='bbox 1779 892 1921 940; x_wconf 89' lang='lat' dir='ltr'>sese</span> <span class='ocrx_word' id='word_1_31' title='bbox 1997 876 2136 957; x_wconf 87' lang='lat' dir='ltr'>ipse</span> <span class='ocrx_word' id='word_1_32' title='bbox 2188 877 2690 960; x_wconf 85' lang='lat' dir='ltr'>aggregaverit,</span> <span class='ocrx_word' id='word_1_33' title='bbox 2751 894 2878 942; x_wconf 89' lang='lat' dir='ltr'>non</span> 
     </span>
     <span class='ocr_line' id='line_1_6' title="bbox 564 982 2878 1067; baseline 0 -17"><span class='ocrx_word' id='word_1_34' title='bbox 564 989 667 1050; x_wconf 89' lang='lat' dir='ltr'>est</span> <span class='ocrx_word' id='word_1_35' title='bbox 709 983 1046 1064; x_wconf 86' lang='lat' dir='ltr'>traditum,</span> <span class='ocrx_word' id='word_1_36' title='bbox 1094 987 1314 1048; x_wconf 89' lang='lat' dir='ltr'>tamen</span> <span class='ocrx_word' id='word_1_37' title='bbox 1357 982 1642 1048; x_wconf 86' lang='lat' dir='ltr'>fortasse</span> <span class='ocrx_word' id='word_1_38' title='bbox 1684 1002 1720 1048; x_wconf 93' lang='lat' dir='ltr'>e</span> <span class='ocrx_word' id='word_1_39' title='bbox 1750 984 1911 1066; x_wconf 80' lang='lat' dir='ltr'>LyS.</span> <span class='ocrx_word' id='word_1_40' title='bbox 1954 985 2121 1066; x_wconf 87' lang='lat' dir='ltr'>XII,</span> <span class='ocrx_word' id='word_1_41' title='bbox 2174 987 2253 1051; x_wconf 81' lang='lat'>53</span> <span class='ocrx_word' id='word_1_42' title='bbox 2312 985 2611 1051; x_wconf 83' lang='lat' dir='ltr'>concludi</span> <span class='ocrx_word' id='word_1_43' title='bbox 2656 990 2878 1067; x_wconf 90' lang='lat' dir='ltr'>potest</span> 
     </span>
     <span class='ocr_line' id='line_1_7' title="bbox 564 1087 2878 1179; baseline -0 -21"><span class='ocrx_word' id='word_1_44' title='bbox 564 1092 675 1158; x_wconf 90' lang='lat' dir='ltr'>ubi</span> <span class='ocrx_word' id='word_1_45' title='bbox 715 1096 935 1157; x_wconf 90' lang='lat' dir='ltr'>orator</span> <span class='ocrx_word' id='word_1_46' title='bbox 975 1110 1240 1157; x_wconf 86' lang='lat' dir='ltr'>numero</span> <span class='ocrx_word' id='word_1_47' title='bbox 1283 1090 1524 1171; x_wconf 82' lang='lat' dir='ltr'>plurali</span> <span class='ocrx_word' id='word_1_48' title='bbox 1568 1090 1813 1157; x_wconf 91' lang='lat' dir='ltr'>utitur:</span> <span class='ocrx_word' id='word_1_49' title='bbox 1851 1089 2092 1179; x_wconf 75' lang='grc' dir='ltr'>,ἐπειδὴ</span> <span class='ocrx_word' id='word_1_50' title='bbox 2133 1092 2222 1170; x_wconf 84' lang='grc' dir='ltr'>εἰς</span> <span class='ocrx_word' id='word_1_51' title='bbox 2272 1090 2394 1159; x_wconf 85' lang='grc' dir='ltr'>τὸν</span> <span class='ocrx_word' id='word_1_52' title='bbox 2438 1095 2710 1178; x_wconf 80' lang='grc' dir='ltr'><strong><em>Πειραιᾶ</em></strong></span> <span class='ocrx_word' id='word_1_53' title='bbox 2754 1087 2878 1179; x_wconf 76' lang='grc' dir='ltr'>ἥλ-</span> 
     </span>
     <span class='ocr_line' id='line_1_8' title="bbox 563 1186 2878 1285; baseline 0 -19"><span class='ocrx_word' id='word_1_54' title='bbox 563 1205 848 1285; x_wconf 75' lang='grc' dir='ltr'><em>θομεν.</em></span> <span class='ocrx_word' id='word_1_55' title='bbox 939 1200 1068 1266; x_wconf 86' lang='lat' dir='ltr'>Sed</span> <span class='ocrx_word' id='word_1_56' title='bbox 1113 1201 1234 1265; x_wconf 92' lang='lat' dir='ltr'>hoc</span> <span class='ocrx_word' id='word_1_57' title='bbox 1294 1218 1421 1265; x_wconf 91' lang='lat' dir='ltr'>non</span> <span class='ocrx_word' id='word_1_58' title='bbox 1480 1199 1578 1265; x_wconf 89' lang='lat' dir='ltr'>ita</span> <span class='ocrx_word' id='word_1_59' title='bbox 1637 1199 2057 1280; x_wconf 83' lang='lat' dir='ltr'>premendum</span> <span class='ocrx_word' id='word_1_60' title='bbox 2111 1205 2243 1282; x_wconf 80' lang='lat' dir='ltr'>est3</span> <span class='ocrx_word' id='word_1_61' title='bbox 2312 1192 2473 1269; x_wconf 88' lang='lat' dir='ltr'>cave</span> <span class='ocrx_word' id='word_1_62' title='bbox 2528 1218 2683 1269; x_wconf 87' lang='lat' dir='ltr'>vero</span> <span class='ocrx_word' id='word_1_63' title='bbox 2734 1186 2878 1267; x_wconf 90' lang='lat' dir='ltr'>cum</span> 
     </span>
     <span class='ocr_line' id='line_1_9' title="bbox 564 1308 2875 1392; baseline 0 -19"><span class='ocrx_word' id='word_1_64' title='bbox 564 1308 1016 1391; x_wconf 85' lang='lat' dir='ltr'>Frohbergero</span> <span class='ocrx_word' id='word_1_65' title='bbox 1060 1308 1241 1391; x_wconf 86' lang='lat' dir='ltr'>(Lys.</span> <span class='ocrx_word' id='word_1_66' title='bbox 1279 1312 1476 1382; x_wconf 82' lang='lat' dir='ltr'>oratt.</span> <span class='ocrx_word' id='word_1_67' title='bbox 1521 1308 1747 1373; x_wconf 77' lang='lat' dir='ltr'>select.</span> <span class='ocrx_word' id='word_1_68' title='bbox 1780 1327 1843 1389; x_wconf 90' lang='lat' dir='ltr'>p.</span> <span class='ocrx_word' id='word_1_69' title='bbox 1892 1315 1950 1390; x_wconf 85' lang='lat'>5,</span> <span class='ocrx_word' id='word_1_70' title='bbox 1998 1327 2146 1376; x_wconf 91' lang='lat' dir='ltr'>ann.</span> <span class='ocrx_word' id='word_1_71' title='bbox 2196 1313 2303 1392; x_wconf 83' lang='lat'>34)</span> <span class='ocrx_word' id='word_1_72' title='bbox 2346 1325 2428 1376; x_wconf 88' lang='lat' dir='ltr'>ex</span> <span class='ocrx_word' id='word_1_73' title='bbox 2471 1309 2776 1377; x_wconf 88' lang='lat' dir='ltr'>Aeschin.</span> <span class='ocrx_word' id='word_1_74' title='bbox 2821 1327 2875 1374; x_wconf 91' lang='lat' dir='ltr'>c.</span> 
     </span>
     <span class='ocr_line' id='line_1_10' title="bbox 564 1414 2877 1503; baseline 0 -22"><span class='ocrx_word' id='word_1_75' title='bbox 564 1415 849 1496; x_wconf 85' lang='lat' dir='ltr'>Ctesiph.</span> <span class='ocrx_word' id='word_1_76' title='bbox 892 1415 1076 1503; x_wconf 70' lang='lat'>§195</span> <span class='ocrx_word' id='word_1_77' title='bbox 1113 1418 1569 1498; x_wconf 88' lang='lat' dir='ltr'>argumentum</span> <span class='ocrx_word' id='word_1_78' title='bbox 1608 1414 1865 1500; x_wconf 89' lang='lat' dir='ltr'>elicias;</span> <span class='ocrx_word' id='word_1_79' title='bbox 1911 1434 2061 1482; x_wconf 88' lang='lat' dir='ltr'>nam</span> <span class='ocrx_word' id='word_1_80' title='bbox 2105 1435 2249 1483; x_wconf 93' lang='lat' dir='ltr'>cum</span> <span class='ocrx_word' id='word_1_81' title='bbox 2293 1420 2665 1501; x_wconf 79' lang='grc' dir='ltr'><em>στεφανοῦν</em></span> <span class='ocrx_word' id='word_1_82' title='bbox 2710 1417 2877 1497; x_wconf 85' lang='lat' dir='ltr'>quod</span> 
     </span>
     <span class='ocr_line' id='line_1_11' title="bbox 560 1522 2873 1606; baseline -0 -17"><span class='ocrx_word' id='word_1_83' title='bbox 560 1529 759 1589; x_wconf 86' lang='lat' dir='ltr'>antea</span> <span class='ocrx_word' id='word_1_84' title='bbox 802 1523 894 1588; x_wconf 91' lang='lat' dir='ltr'>ibi</span> <span class='ocrx_word' id='word_1_85' title='bbox 933 1523 1283 1606; x_wconf 89' lang='lat' dir='ltr'>legebatur</span> <span class='ocrx_word' id='word_1_86' title='bbox 1330 1522 1499 1589; x_wconf 89' lang='lat' dir='ltr'>falso</span> <span class='ocrx_word' id='word_1_87' title='bbox 1535 1523 1831 1589; x_wconf 87' lang='lat' dir='ltr'>additum</span> <span class='ocrx_word' id='word_1_88' title='bbox 1893 1542 2037 1590; x_wconf 91' lang='lat' dir='ltr'>esse</span> <span class='ocrx_word' id='word_1_89' title='bbox 2084 1525 2213 1590; x_wconf 89' lang='lat' dir='ltr'>iam</span> <span class='ocrx_word' id='word_1_90' title='bbox 2258 1524 2368 1590; x_wconf 86' lang='lat' dir='ltr'>diu</span> <span class='ocrx_word' id='word_1_91' title='bbox 2421 1523 2873 1590; x_wconf 85' lang='lat' dir='ltr'>intellexerint</span> 
     </span>
     <span class='ocr_line' id='line_1_12' title="bbox 558 1626 2873 1720; baseline 0 -22"><span class='ocrx_word' id='word_1_92' title='bbox 558 1632 683 1698; x_wconf 86' lang='lat' dir='ltr'>Viri</span> <span class='ocrx_word' id='word_1_93' title='bbox 706 1632 922 1714; x_wconf 77' lang='lat' dir='ltr'>docti,</span> <span class='ocrx_word' id='word_1_94' title='bbox 967 1631 1148 1709; x_wconf 83' lang='lat' dir='ltr'>illud,</span> <span class='ocrx_word' id='word_1_95' title='bbox 1194 1628 1350 1714; x_wconf 51' lang='grc' dir='ltr'>,ἕνα</span> <span class='ocrx_word' id='word_1_96' title='bbox 1390 1635 1530 1697; x_wconf 76' lang='grc' dir='ltr'>τῶν</span> <span class='ocrx_word' id='word_1_97' title='bbox 1562 1626 2156 1718; x_wconf 79' lang='grc' dir='ltr'><strong><em>συγκατελθόντων</em></strong></span> <span class='ocrx_word' id='word_1_98' title='bbox 2197 1633 2385 1720; x_wconf 74' lang='grc' dir='ltr'><strong><em>αὐτῷ</em></strong></span> <span class='ocrx_word' id='word_1_99' title='bbox 2430 1628 2565 1706; x_wconf 70' lang='grc' dir='ltr'>ἀπὸ</span> <span class='ocrx_word' id='word_1_100' title='bbox 2616 1636 2873 1719; x_wconf 46' lang='lat' dir='ltr'>Qum&amp;</span> 
     </span>
     <span class='ocr_line' id='line_1_13' title="bbox 559 1740 2874 1824; baseline -0 -19"><span class='ocrx_word' id='word_1_101' title='bbox 559 1759 690 1806; x_wconf 93' lang='lat' dir='ltr'>non</span> <span class='ocrx_word' id='word_1_102' title='bbox 731 1740 816 1806; x_wconf 86' lang='lat' dir='ltr'>ad</span> <span class='ocrx_word' id='word_1_103' title='bbox 850 1740 1137 1823; x_wconf 87' lang='lat' dir='ltr'>Lysiam,</span> <span class='ocrx_word' id='word_1_104' title='bbox 1185 1740 1298 1806; x_wconf 84' lang='lat' dir='ltr'>sed</span> <span class='ocrx_word' id='word_1_105' title='bbox 1343 1740 1428 1806; x_wconf 83' lang='lat' dir='ltr'>ad</span> <span class='ocrx_word' id='word_1_106' title='bbox 1460 1740 1941 1824; x_wconf 84' lang='lat' dir='ltr'>Thrasybulum</span> <span class='ocrx_word' id='word_1_107' title='bbox 1966 1740 2379 1820; x_wconf 84' lang='lat' dir='ltr'>referendum</span> <span class='ocrx_word' id='word_1_108' title='bbox 2424 1746 2543 1807; x_wconf 90' lang='lat' dir='ltr'>est.</span> <span class='ocrx_word' id='word_1_109' title='bbox 2633 1741 2874 1807; x_wconf 86' lang='lat' dir='ltr'>Rever-</span> 
     </span>
     <span class='ocr_line' id='line_1_14' title="bbox 559 1849 2873 1931; baseline 0 -18"><span class='ocrx_word' id='word_1_110' title='bbox 559 1852 787 1914; x_wconf 89' lang='lat' dir='ltr'>terunt</span> <span class='ocrx_word' id='word_1_111' title='bbox 834 1852 1053 1914; x_wconf 90' lang='lat' dir='ltr'>autem</span> <span class='ocrx_word' id='word_1_112' title='bbox 1090 1849 1349 1914; x_wconf 85' lang='lat' dir='ltr'>exsules</span> <span class='ocrx_word' id='word_1_113' title='bbox 1387 1849 1798 1931; x_wconf 82' lang='lat' dir='ltr'>Thrasybulo</span> <span class='ocrx_word' id='word_1_114' title='bbox 1836 1853 1906 1914; x_wconf 89' lang='lat' dir='ltr'>et</span> <span class='ocrx_word' id='word_1_115' title='bbox 1942 1849 2228 1917; x_wconf 76' lang='lat' dir='ltr'>Archino</span> <span class='ocrx_word' id='word_1_116' title='bbox 2273 1849 2543 1917; x_wconf 88' lang='lat' dir='ltr'>ducibus</span> <span class='ocrx_word' id='word_1_117' title='bbox 2588 1849 2693 1915; x_wconf 86' lang='lat' dir='ltr'>die</span> <span class='ocrx_word' id='word_1_118' title='bbox 2723 1850 2873 1915; x_wconf 87' lang='lat' dir='ltr'>duo-</span> 
     </span>
     <span class='ocr_line' id='line_1_15' title="bbox 561 1956 2869 2040; baseline 0 -17"><span class='ocrx_word' id='word_1_119' title='bbox 561 1957 807 2023; x_wconf 85' lang='lat' dir='ltr'>decimo</span> <span class='ocrx_word' id='word_1_120' title='bbox 849 1976 930 2022; x_wconf 91' lang='lat' dir='ltr'>m.</span> <span class='ocrx_word' id='word_1_121' title='bbox 974 1956 1460 2023; x_wconf 73' lang='lat' dir='ltr'>Boedromionis</span> <span class='ocrx_word' id='word_1_122' title='bbox 1504 1957 1586 2023; x_wconf 91' lang='lat' dir='ltr'>ol.</span> <span class='ocrx_word' id='word_1_123' title='bbox 1632 1963 1752 2040; x_wconf 83' lang='lat'>94,</span> <span class='ocrx_word' id='word_1_124' title='bbox 1786 1963 1922 2024; x_wconf 79' lang='lat'>2-</span> <span class='ocrx_word' id='word_1_125' title='bbox 1948 1963 2050 2024; x_wconf 79' lang='lat'>21.</span> <span class='ocrx_word' id='word_1_126' title='bbox 2098 1957 2202 2024; x_wconf 84' lang='lat' dir='ltr'>die</span> <span class='ocrx_word' id='word_1_127' title='bbox 2240 1977 2320 2027; x_wconf 90' lang='lat' dir='ltr'>m.</span> <span class='ocrx_word' id='word_1_128' title='bbox 2367 1957 2767 2040; x_wconf 80' lang='lat' dir='ltr'>Septembris</span> <span class='ocrx_word' id='word_1_129' title='bbox 2810 1976 2869 2024; x_wconf 92' lang='lat' dir='ltr'>a.</span> 
     </span>
     <span class='ocr_line' id='line_1_16' title="bbox 557 2065 2874 2155; baseline 0 -23"><span class='ocrx_word' id='word_1_130' title='bbox 557 2071 681 2155; x_wconf 79' lang='lat'>403</span> <span class='ocrx_word' id='word_1_131' title='bbox 741 2085 799 2131; x_wconf 92' lang='lat' dir='ltr'>a.</span> <span class='ocrx_word' id='word_1_132' title='bbox 856 2065 1001 2134; x_wconf 85' lang='lat' dir='ltr'>Chr.</span> <span class='ocrx_word' id='word_1_133' title='bbox 1048 2084 1141 2147; x_wconf 89' lang='lat' dir='ltr'>n.,</span> <span class='ocrx_word' id='word_1_134' title='bbox 1186 2065 1254 2131; x_wconf 88' lang='lat' dir='ltr'>id</span> <span class='ocrx_word' id='word_1_135' title='bbox 1298 2066 1466 2146; x_wconf 81' lang='lat' dir='ltr'>quod</span> <span class='ocrx_word' id='word_1_136' title='bbox 1512 2085 1594 2132; x_wconf 91' lang='lat' dir='ltr'>ex</span> <span class='ocrx_word' id='word_1_137' title='bbox 1637 2065 1993 2133; x_wconf 89' lang='lat' dir='ltr'>Plutarcho</span> <span class='ocrx_word' id='word_1_138' title='bbox 2040 2066 2121 2133; x_wconf 87' lang='grc'>(16</span> <span class='ocrx_word' id='word_1_139' title='bbox 2175 2067 2339 2150; x_wconf 91' lang='lat' dir='ltr'>glor.</span> <span class='ocrx_word' id='word_1_140' title='bbox 2399 2068 2642 2132; x_wconf 88' lang='lat' dir='ltr'>Athen.</span> <span class='ocrx_word' id='word_1_141' title='bbox 2704 2085 2759 2132; x_wconf 90' lang='lat' dir='ltr'>c.</span> <span class='ocrx_word' id='word_1_142' title='bbox 2819 2072 2874 2143; x_wconf 85' lang='lat'>7,</span> 
     </span>
     <span class='ocr_line' id='line_1_17' title="bbox 556 2172 2874 2257; baseline -0 -15"><span class='ocrx_word' id='word_1_143' title='bbox 556 2194 614 2257; x_wconf 90' lang='lat' dir='ltr'>p.</span> <span class='ocrx_word' id='word_1_144' title='bbox 663 2178 789 2241; x_wconf 89' lang='lat'>340</span> <span class='ocrx_word' id='word_1_145' title='bbox 835 2173 1273 2256; x_wconf 77' lang='lat' dir='ltr'>comperimus,</span> <span class='ocrx_word' id='word_1_146' title='bbox 1343 2172 1464 2240; x_wconf 91' lang='lat' dir='ltr'>Illo</span> <span class='ocrx_word' id='word_1_147' title='bbox 1515 2173 1620 2240; x_wconf 87' lang='grc'>(116</span> <span class='ocrx_word' id='word_1_148' title='bbox 1663 2175 1883 2256; x_wconf 88' lang='lat' dir='ltr'>populi</span> <span class='ocrx_word' id='word_1_149' title='bbox 1924 2175 2224 2242; x_wconf 89' lang='lat' dir='ltr'>contione</span> <span class='ocrx_word' id='word_1_150' title='bbox 2260 2179 2622 2242; x_wconf 89' lang='lat' dir='ltr'>convocata</span> <span class='ocrx_word' id='word_1_151' title='bbox 2668 2175 2874 2241; x_wconf 90' lang='lat' dir='ltr'>Thra-</span> 
     </span>
     <span class='ocr_line' id='line_1_18' title="bbox 559 2258 2877 2367; baseline 0 -18"><span class='ocrx_word' id='word_1_152' title='bbox 559 2283 826 2366; x_wconf 88' lang='lat' dir='ltr'>sybulus</span> <span class='ocrx_word' id='word_1_153' title='bbox 868 2281 1264 2359; x_wconf 83' lang='lat' dir='ltr'>sententiam</span> <span class='ocrx_word' id='word_1_154' title='bbox 1309 2281 1498 2365; x_wconf 89' lang='lat' dir='ltr'>tulit,</span> <span class='ocrx_word' id='word_1_155' title='bbox 1544 2288 1620 2348; x_wconf 85' lang='lat' dir='ltr'>ut</span> <span class='ocrx_word' id='word_1_156' title='bbox 1663 2258 2128 2367; x_wconf 77' lang='lat' dir='ltr'>reconciliatio,</span> <span class='ocrx_word' id='word_1_157' title='bbox 2177 2303 2343 2364; x_wconf 87' lang='lat' dir='ltr'>quae</span> <span class='ocrx_word' id='word_1_158' title='bbox 2397 2284 2573 2350; x_wconf 89' lang='lat' dir='ltr'>inter</span> <span class='ocrx_word' id='word_1_159' title='bbox 2615 2303 2725 2351; x_wconf 88' lang='lat' dir='ltr'>eos</span> <span class='ocrx_word' id='word_1_160' title='bbox 2768 2284 2877 2364; x_wconf 86' lang='lat' dir='ltr'>qui</span> 
     </span>
     <span class='ocr_line' id='line_1_19' title="bbox 556 2385 2876 2473; baseline 0.001 -17"><span class='ocrx_word' id='word_1_161' title='bbox 556 2390 838 2457; x_wconf 88' lang='lat' dir='ltr'>Athenis</span> <span class='ocrx_word' id='word_1_162' title='bbox 880 2393 1332 2456; x_wconf 87' lang='lat' dir='ltr'>remanserant</span> <span class='ocrx_word' id='word_1_163' title='bbox 1387 2387 1474 2473; x_wconf 82' lang='grc' dir='ltr'>(οἱ</span> <span class='ocrx_word' id='word_1_164' title='bbox 1517 2388 1588 2470; x_wconf 74' lang='grc' dir='ltr'>ἐξ</span> <span class='ocrx_word' id='word_1_165' title='bbox 1630 2385 1884 2472; x_wconf 77' lang='grc' dir='ltr'>ἄστεος)</span> <span class='ocrx_word' id='word_1_166' title='bbox 1930 2398 1999 2457; x_wconf 91' lang='lat' dir='ltr'>et</span> <span class='ocrx_word' id='word_1_167' title='bbox 2058 2392 2317 2458; x_wconf 84' lang='lat' dir='ltr'>exsules</span> <span class='ocrx_word' id='word_1_168' title='bbox 2364 2392 2476 2471; x_wconf 88' lang='lat' dir='ltr'>qni</span> <span class='ocrx_word' id='word_1_169' title='bbox 2533 2391 2876 2459; x_wconf 89' lang='lat' dir='ltr'>Piraeeum</span> 
     </span>
     <span class='ocr_line' id='line_1_20' title="bbox 460 2495 2876 2586; baseline 0 -21"><span class='ocrx_word' id='word_1_170' title='bbox 460 2580 465 2584; x_wconf 11' lang='grc' dir='ltr'><em>ᾗ</em></span> <span class='ocrx_word' id='word_1_171' title='bbox 555 2502 1038 2581; x_wconf 84' lang='lat' dir='ltr'>occupaverant</span> <span class='ocrx_word' id='word_1_172' title='bbox 1105 2495 1204 2581; x_wconf 74' lang='grc' dir='ltr'>(οἱ</span> <span class='ocrx_word' id='word_1_173' title='bbox 1274 2496 1349 2562; x_wconf 79' lang='grc' dir='ltr'>ἐκ</span> <span class='ocrx_word' id='word_1_174' title='bbox 1409 2499 1776 2586; x_wconf 75' lang='grc' dir='ltr'><em>Πειραιῶς)</em></span> <span class='ocrx_word' id='word_1_175' title='bbox 1833 2498 2163 2566; x_wconf 89' lang='lat' dir='ltr'>Pausania</span> <span class='ocrx_word' id='word_1_176' title='bbox 2217 2500 2876 2566; x_wconf 87' lang='lat' dir='ltr'>Lacedaemoniorum</span> 
     </span>
     <span class='ocr_line' id='line_1_21' title="bbox 552 2606 2876 2692; baseline 0 -19"><span class='ocrx_word' id='word_1_177' title='bbox 552 2627 710 2691; x_wconf 92' lang='lat' dir='ltr'>rege</span> <span class='ocrx_word' id='word_1_178' title='bbox 768 2606 1170 2688; x_wconf 86' lang='lat' dir='ltr'>potissimum</span> <span class='ocrx_word' id='word_1_179' title='bbox 1222 2608 1513 2672; x_wconf 84' lang='lat' dir='ltr'>auctore</span> <span class='ocrx_word' id='word_1_180' title='bbox 1550 2606 1859 2675; x_wconf 87' lang='lat' dir='ltr'>incohata</span> <span class='ocrx_word' id='word_1_181' title='bbox 1917 2613 2096 2692; x_wconf 89' lang='lat' dir='ltr'>erat,</span> <span class='ocrx_word' id='word_1_182' title='bbox 2170 2610 2318 2692; x_wconf 92' lang='lat' dir='ltr'>lege</span> <span class='ocrx_word' id='word_1_183' title='bbox 2390 2609 2756 2675; x_wconf 89' lang='lat' dir='ltr'>sanciretur</span> <span class='ocrx_word' id='word_1_184' title='bbox 2806 2613 2876 2674; x_wconf 92' lang='lat' dir='ltr'>et</span> 
     </span>
     <span class='ocr_line' id='line_1_22' title="bbox 546 2706 2872 2803; baseline -0 -21"><span class='ocrx_word' id='word_1_185' title='bbox 546 2716 959 2783; x_wconf 88' lang='lat' dir='ltr'>iureiurando</span> <span class='ocrx_word' id='word_1_186' title='bbox 1016 2706 1509 2782; x_wconf 87' lang='lat' dir='ltr'>confirmaretur</span> <span class='ocrx_word' id='word_1_187' title='bbox 1561 2717 1646 2783; x_wconf 90' lang='lat' dir='ltr'>ab</span> <span class='ocrx_word' id='word_1_188' title='bbox 1703 2717 1997 2798; x_wconf 88' lang='lat' dir='ltr'>utrisque</span> <span class='ocrx_word' id='word_1_189' title='bbox 2055 2718 2276 2800; x_wconf 90' lang='lat' dir='ltr'>populi</span> <span class='ocrx_word' id='word_1_190' title='bbox 2333 2717 2708 2803; x_wconf 71' lang='lat' dir='ltr'>partibus-⁹»)</span> <span class='ocrx_word' id='word_1_191' title='bbox 2776 2717 2872 2781; x_wconf 91' lang='lat' dir='ltr'>Si-</span> 
     </span>
     <span class='ocr_line' id='line_1_23' title="bbox 553 2823 2872 2909; baseline 0 -19"><span class='ocrx_word' id='word_1_192' title='bbox 553 2826 684 2891; x_wconf 92' lang='lat' dir='ltr'>mul</span> <span class='ocrx_word' id='word_1_193' title='bbox 718 2843 873 2892; x_wconf 90' lang='lat' dir='ltr'>vero</span> <span class='ocrx_word' id='word_1_194' title='bbox 919 2823 987 2889; x_wconf 91' lang='lat' dir='ltr'>in</span> <span class='ocrx_word' id='word_1_195' title='bbox 1030 2824 1255 2890; x_wconf 86' lang='lat' dir='ltr'>eadem</span> <span class='ocrx_word' id='word_1_196' title='bbox 1303 2823 1605 2889; x_wconf 90' lang='lat' dir='ltr'>contione</span> <span class='ocrx_word' id='word_1_197' title='bbox 1650 2824 2100 2908; x_wconf 87' lang='lat' dir='ltr'>Thrasybulus</span> <span class='ocrx_word' id='word_1_198' title='bbox 2141 2826 2354 2909; x_wconf 89' lang='lat' dir='ltr'>legem</span> <span class='ocrx_word' id='word_1_199' title='bbox 2391 2825 2579 2908; x_wconf 88' lang='lat' dir='ltr'>tulit,</span> <span class='ocrx_word' id='word_1_200' title='bbox 2623 2829 2700 2891; x_wconf 90' lang='lat' dir='ltr'>ut</span> <span class='ocrx_word' id='word_1_201' title='bbox 2742 2825 2872 2908; x_wconf 89' lang='lat' dir='ltr'>Ly-</span> 
     </span>
     <span class='ocr_line' id='line_1_24' title="bbox 553 2931 2874 3015; baseline 0 -16"><span class='ocrx_word' id='word_1_202' title='bbox 553 2933 685 2999; x_wconf 90' lang='lat' dir='ltr'>sias</span> <span class='ocrx_word' id='word_1_203' title='bbox 742 2933 976 3015; x_wconf 88' lang='lat' dir='ltr'>quippe</span> <span class='ocrx_word' id='word_1_204' title='bbox 1036 2932 1146 3012; x_wconf 85' lang='lat' dir='ltr'>qui</span> <span class='ocrx_word' id='word_1_205' title='bbox 1209 2931 1288 2997; x_wconf 86' lang='lat' dir='ltr'>de</span> <span class='ocrx_word' id='word_1_206' title='bbox 1347 2931 1845 2997; x_wconf 89' lang='lat' dir='ltr'>Atheniensium</span> <span class='ocrx_word' id='word_1_207' title='bbox 1901 2932 2236 3015; x_wconf 89' lang='lat' dir='ltr'>republica</span> <span class='ocrx_word' id='word_1_208' title='bbox 2296 2933 2538 3015; x_wconf 89' lang='lat' dir='ltr'>optime</span> <span class='ocrx_word' id='word_1_209' title='bbox 2604 2934 2874 3000; x_wconf 89' lang='lat' dir='ltr'>meritus</span> 
     </span>
     <span class='ocr_line' id='line_1_25' title="bbox 552 3040 2873 3128; baseline -0.001 -19"><span class='ocrx_word' id='word_1_210' title='bbox 552 3047 728 3109; x_wconf 91' lang='lat' dir='ltr'>esset</span> <span class='ocrx_word' id='word_1_211' title='bbox 771 3041 1046 3108; x_wconf 86' lang='lat' dir='ltr'>civitate</span> <span class='ocrx_word' id='word_1_212' title='bbox 1078 3040 1451 3122; x_wconf 88' lang='lat' dir='ltr'>donaretur,</span> <span class='ocrx_word' id='word_1_213' title='bbox 1499 3043 1568 3105; x_wconf 91' lang='lat' dir='ltr'>et</span> <span class='ocrx_word' id='word_1_214' title='bbox 1612 3040 1947 3106; x_wconf 84' lang='lat' dir='ltr'>sententia</span> <span class='ocrx_word' id='word_1_215' title='bbox 1989 3040 2185 3107; x_wconf 84' lang='lat' dir='ltr'>facile</span> <span class='ocrx_word' id='word_1_216' title='bbox 2229 3041 2391 3109; x_wconf 88' lang='lat' dir='ltr'>vicit</span> <span class='ocrx_word' id='word_1_217' title='bbox 2420 3041 2758 3128; x_wconf 81' lang='lat' dir='ltr'>(Ps-Plut.</span> <span class='ocrx_word' id='word_1_218' title='bbox 2804 3045 2873 3106; x_wconf 91' lang='lat' dir='ltr'>et</span> 
     </span>
     <span class='ocr_line' id='line_1_26' title="bbox 553 3147 2873 3236; baseline -0.001 -20"><span class='ocrx_word' id='word_1_219' title='bbox 553 3150 792 3236; x_wconf 88' lang='lat' dir='ltr'>Phot.).</span> <span class='ocrx_word' id='word_1_220' title='bbox 882 3148 1216 3216; x_wconf 89' lang='lat' dir='ltr'>Distincte</span> <span class='ocrx_word' id='word_1_221' title='bbox 1246 3147 1505 3229; x_wconf 90' lang='lat' dir='ltr'>excepti</span> <span class='ocrx_word' id='word_1_222' title='bbox 1548 3152 1618 3213; x_wconf 93' lang='lat' dir='ltr'>et</span> <span class='ocrx_word' id='word_1_223' title='bbox 1664 3152 1856 3214; x_wconf 91' lang='lat' dir='ltr'>extra</span> <span class='ocrx_word' id='word_1_224' title='bbox 1899 3149 2241 3218; x_wconf 87' lang='lat' dir='ltr'>oblivionis</span> <span class='ocrx_word' id='word_1_225' title='bbox 2283 3149 2452 3232; x_wconf 90' lang='lat' dir='ltr'>legis</span> <span class='ocrx_word' id='word_1_226' title='bbox 2492 3147 2873 3216; x_wconf 89' lang='lat' dir='ltr'>beneficium</span> 
     </span>
     <span class='ocr_line' id='line_1_27' title="bbox 551 3254 2871 3337; baseline -0.001 -12"><span class='ocrx_word' id='word_1_227' title='bbox 551 3258 856 3325; x_wconf 90' lang='lat' dir='ltr'>collocati</span> <span class='ocrx_word' id='word_1_228' title='bbox 897 3260 1052 3322; x_wconf 89' lang='lat' dir='ltr'>sunt</span> <span class='ocrx_word' id='word_1_229' title='bbox 1098 3256 1292 3321; x_wconf 89' lang='lat' dir='ltr'>XXX</span> <span class='ocrx_word' id='word_1_230' title='bbox 1332 3254 1459 3322; x_wconf 88' lang='lat' dir='ltr'>viri</span> <span class='ocrx_word' id='word_1_231' title='bbox 1501 3259 1572 3321; x_wconf 93' lang='lat' dir='ltr'>et</span> <span class='ocrx_word' id='word_1_232' title='bbox 1605 3256 1710 3321; x_wconf 89' lang='lat' dir='ltr'>XI</span> <span class='ocrx_word' id='word_1_233' title='bbox 1752 3256 1881 3323; x_wconf 88' lang='lat' dir='ltr'>viri</span> <span class='ocrx_word' id='word_1_234' title='bbox 1940 3262 2008 3323; x_wconf 91' lang='lat' dir='ltr'>et</span> <span class='ocrx_word' id='word_1_235' title='bbox 2058 3259 2281 3324; x_wconf 86' lang='lat' dir='ltr'>decem</span> <span class='ocrx_word' id='word_1_236' title='bbox 2315 3258 2424 3337; x_wconf 90' lang='lat' dir='ltr'>qui</span> <span class='ocrx_word' id='word_1_237' title='bbox 2484 3257 2550 3322; x_wconf 93' lang='lat' dir='ltr'>in</span> <span class='ocrx_word' id='word_1_238' title='bbox 2596 3255 2871 3323; x_wconf 90' lang='lat' dir='ltr'>Piraeeo</span> 
     </span>
     <span class='ocr_line' id='line_1_28' title="bbox 556 3365 2869 3450; baseline -0.001 -17"><span class='ocrx_word' id='word_1_239' title='bbox 556 3367 1015 3450; x_wconf 89' lang='lat' dir='ltr'>magistratum</span> <span class='ocrx_word' id='word_1_240' title='bbox 1058 3369 1424 3447; x_wconf 88' lang='lat' dir='ltr'>gesserant,</span> <span class='ocrx_word' id='word_1_241' title='bbox 1470 3365 1596 3431; x_wconf 90' lang='lat' dir='ltr'>nisi</span> <span class='ocrx_word' id='word_1_242' title='bbox 1639 3383 1853 3431; x_wconf 90' lang='lat' dir='ltr'>coram</span> <span class='ocrx_word' id='word_1_243' title='bbox 1888 3366 2124 3448; x_wconf 90' lang='lat' dir='ltr'>populo</span> <span class='ocrx_word' id='word_1_244' title='bbox 2165 3365 2668 3448; x_wconf 89' lang='lat' dir='ltr'>magistratuum</span> <span class='ocrx_word' id='word_1_245' title='bbox 2711 3365 2869 3431; x_wconf 91' lang='lat' dir='ltr'>rati-</span> 
     </span>
     <span class='ocr_line' id='line_1_29' title="bbox 554 3471 2868 3557; baseline -0.002 -14"><span class='ocrx_word' id='word_1_246' title='bbox 554 3495 709 3543; x_wconf 91' lang='lat' dir='ltr'>ones</span> <span class='ocrx_word' id='word_1_247' title='bbox 749 3474 1108 3541; x_wconf 86' lang='lat' dir='ltr'>referrent:</span> <span class='ocrx_word' id='word_1_248' title='bbox 1155 3473 1450 3554; x_wconf 89' lang='lat' dir='ltr'>Xenoph.</span> <span class='ocrx_word' id='word_1_249' title='bbox 1497 3472 1673 3539; x_wconf 91' lang='lat' dir='ltr'>Hell.</span> <span class='ocrx_word' id='word_1_250' title='bbox 1721 3473 1819 3556; x_wconf 91' lang='lat' dir='ltr'>II,</span> <span class='ocrx_word' id='word_1_251' title='bbox 1866 3477 1939 3557; x_wconf 91' lang='lat'>4,</span> <span class='ocrx_word' id='word_1_252' title='bbox 1986 3478 2085 3539; x_wconf 86' lang='lat'>38.</span> <span class='ocrx_word' id='word_1_253' title='bbox 2173 3473 2420 3538; x_wconf 89' lang='lat' dir='ltr'>Andoc.</span> <span class='ocrx_word' id='word_1_254' title='bbox 2476 3472 2544 3555; x_wconf 94' lang='lat' dir='ltr'>I,</span> <span class='ocrx_word' id='word_1_255' title='bbox 2611 3479 2726 3556; x_wconf 85' lang='lat'>90,</span> <span class='ocrx_word' id='word_1_256' title='bbox 2782 3471 2868 3539; x_wconf 87' lang='lat' dir='ltr'>cf.</span> 
     </span>
     <span class='ocr_line' id='line_1_30' title="bbox 555 3580 2865 3667; baseline -0.004 -14"><span class='ocrx_word' id='word_1_257' title='bbox 555 3585 858 3652; x_wconf 88' lang='lat' dir='ltr'>Scheibe:</span> <span class='ocrx_word' id='word_1_258' title='bbox 913 3581 1449 3667; x_wconf 81' lang='lat' dir='ltr'>„Oligarchische</span> <span class='ocrx_word' id='word_1_259' title='bbox 1509 3580 1940 3666; x_wconf 77' lang='lat' dir='ltr'>Umwalzung</span> <span class='ocrx_word' id='word_1_260' title='bbox 2007 3580 2076 3647; x_wconf 92' lang='lat' dir='ltr'>in</span> <span class='ocrx_word' id='word_1_261' title='bbox 2134 3581 2394 3647; x_wconf 87' lang='lat' dir='ltr'>Athen“</span> <span class='ocrx_word' id='word_1_262' title='bbox 2461 3600 2528 3663; x_wconf 88' lang='lat' dir='ltr'>p.</span> <span class='ocrx_word' id='word_1_263' title='bbox 2592 3586 2712 3647; x_wconf 82' lang='lat'>137</span> <span class='ocrx_word' id='word_1_264' title='bbox 2774 3599 2865 3659; x_wconf 88' lang='lat' dir='ltr'>sq.</span> 
     </span>
    </p>
   </div>
   <div class='ocr_carea' id='block_1_3' title="bbox 598 3758 904 3766">
    <p class='ocr_par' dir='ltr' id='par_1_3' title="bbox 598 3758 904 3766">
     <span class='ocr_line' id='line_1_31' title="bbox 598 3758 904 3766; baseline 0 0"><span class='ocrx_word' id='word_1_265' title='bbox 598 3758 904 3766; x_wconf 95' lang='lat' dir='ltr'> </span> 
     </span>
    </p>
   </div>
   <div class='ocr_carea' id='block_1_4' title="bbox 548 3830 2866 3993">
    <p class='ocr_par' dir='ltr' id='par_1_4' title="bbox 548 3830 2866 3993">
     <span class='ocr_line' id='line_1_32' title="bbox 762 3830 2866 3902; baseline -0.002 -14"><span class='ocrx_word' id='word_1_266' title='bbox 762 3837 803 3902; x_wconf 88' lang='lat'>¹)</span> <span class='ocrx_word' id='word_1_267' title='bbox 841 3834 930 3888; x_wconf 88' lang='lat' dir='ltr'>Sic</span> <span class='ocrx_word' id='word_1_268' title='bbox 966 3832 1221 3896; x_wconf 81' lang='lat' dir='ltr'>Photius3</span> <span class='ocrx_word' id='word_1_269' title='bbox 1271 3830 1509 3900; x_wconf 84' lang='lat' dir='ltr'>Thucyd.</span> <span class='ocrx_word' id='word_1_270' title='bbox 1546 3831 1682 3885; x_wconf 89' lang='lat' dir='ltr'>VIII</span> <span class='ocrx_word' id='word_1_271' title='bbox 1698 3873 1711 3896; x_wconf 95' lang='lat'>,</span> <span class='ocrx_word' id='word_1_272' title='bbox 1760 3833 1853 3897; x_wconf 78' lang='lat'>923</span> <span class='ocrx_word' id='word_1_273' title='bbox 1900 3832 2171 3887; x_wconf 86' lang='lat' dir='ltr'>Plutarch.</span> <span class='ocrx_word' id='word_1_274' title='bbox 2216 3832 2389 3889; x_wconf 87' lang='lat' dir='ltr'>Alcib.</span> <span class='ocrx_word' id='word_1_275' title='bbox 2438 3832 2521 3888; x_wconf 83' lang='lat'>25.</span> <span class='ocrx_word' id='word_1_276' title='bbox 2591 3831 2774 3885; x_wconf 81' lang='lat' dir='ltr'>Baiter</span> <span class='ocrx_word' id='word_1_277' title='bbox 2810 3833 2866 3884; x_wconf 93' lang='lat' dir='ltr'>et</span> 
     </span>
     <span class='ocr_line' id='line_1_33' title="bbox 548 3922 2509 3993; baseline -0.001 -16"><span class='ocrx_word' id='word_1_278' title='bbox 548 3923 758 3993; x_wconf 84' lang='lat' dir='ltr'>Sauppe</span> <span class='ocrx_word' id='word_1_279' title='bbox 792 3923 966 3978; x_wconf 89' lang='lat' dir='ltr'>Oratt.</span> <span class='ocrx_word' id='word_1_280' title='bbox 1004 3923 1119 3977; x_wconf 85' lang='lat' dir='ltr'>Att.</span> <span class='ocrx_word' id='word_1_281' title='bbox 1159 3923 1258 3992; x_wconf 87' lang='lat' dir='ltr'>frg.</span> <span class='ocrx_word' id='word_1_282' title='bbox 1297 3940 1345 3991; x_wconf 90' lang='lat' dir='ltr'>p.</span> <span class='ocrx_word' id='word_1_283' title='bbox 1384 3922 1504 3976; x_wconf 83' lang='lat'>234.</span> <span class='ocrx_word' id='word_1_284' title='bbox 1557 3922 2001 3978; x_wconf 83' lang='lat' dir='ltr'>Ps.-Plutarchus</span> <span class='ocrx_word' id='word_1_285' title='bbox 2034 3923 2199 3978; x_wconf 83' lang='lat' dir='ltr'>habet</span> <span class='ocrx_word' id='word_1_286' title='bbox 2230 3924 2509 3978; x_wconf 89' lang='lat' dir='ltr'>Hermana.</span> 
     </span>
    </p>
   </div>
   <div class='ocr_carea' id='block_1_5' title="bbox 548 4052 2858 4215">
    <p class='ocr_par' dir='ltr' id='par_1_5' title="bbox 548 4052 2858 4215">
     <span class='ocr_line' id='line_1_34' title="bbox 751 4052 2858 4125; baseline -0.002 -14"><span class='ocrx_word' id='word_1_287' title='bbox 751 4059 794 4125; x_wconf 76' lang='grc'>2)</span> <span class='ocrx_word' id='word_1_288' title='bbox 831 4057 918 4111; x_wconf 86' lang='lat' dir='ltr'>Sic</span> <span class='ocrx_word' id='word_1_289' title='bbox 959 4060 1101 4111; x_wconf 87' lang='lat' dir='ltr'>recte</span> <span class='ocrx_word' id='word_1_290' title='bbox 1122 4056 1293 4121; x_wconf 74' lang='lat' dir='ltr'>Phot„</span> <span class='ocrx_word' id='word_1_291' title='bbox 1329 4055 1568 4124; x_wconf 86' lang='lat' dir='ltr'>Xenoph.</span> <span class='ocrx_word' id='word_1_292' title='bbox 1604 4054 1744 4109; x_wconf 92' lang='grc' dir='ltr'>Η611.</span> <span class='ocrx_word' id='word_1_293' title='bbox 1781 4055 1884 4119; x_wconf 91' lang='grc' dir='ltr'>ΙΙΙ,</span> <span class='ocrx_word' id='word_1_294' title='bbox 1925 4056 1975 4120; x_wconf 83' lang='grc'>2,</span> <span class='ocrx_word' id='word_1_295' title='bbox 2012 4056 2106 4118; x_wconf 83' lang='grc'>27;</span> <span class='ocrx_word' id='word_1_296' title='bbox 2144 4055 2370 4109; x_wconf 85' lang='lat' dir='ltr'>Pausan.</span> <span class='ocrx_word' id='word_1_297' title='bbox 2410 4053 2512 4117; x_wconf 91' lang='lat' dir='ltr'>III,</span> <span class='ocrx_word' id='word_1_298' title='bbox 2551 4052 2599 4117; x_wconf 87' lang='lat'>8,</span> <span class='ocrx_word' id='word_1_299' title='bbox 2637 4053 2689 4105; x_wconf 88' lang='lat'>4.</span> <span class='ocrx_word' id='word_1_300' title='bbox 2741 4053 2858 4106; x_wconf 66' lang='lat' dir='ltr'>Pa.-</span> 
     </span>
     <span class='ocr_line' id='line_1_35' title="bbox 548 4146 1504 4215; baseline -0.003 -13"><span class='ocrx_word' id='word_1_301' title='bbox 548 4148 693 4202; x_wconf 90' lang='lat' dir='ltr'>Plut.</span> <span class='ocrx_word' id='word_1_302' title='bbox 725 4147 863 4201; x_wconf 80' lang='lat' dir='ltr'>falso</span> <span class='ocrx_word' id='word_1_303' title='bbox 901 4147 1282 4215; x_wconf 84' lang='lat' dir='ltr'>Thrasylaeum</span> <span class='ocrx_word' id='word_1_304' title='bbox 1320 4146 1504 4200; x_wconf 87' lang='lat' dir='ltr'>tradit.</span> 
     </span>
    </p>
   </div>
   <div class='ocr_carea' id='block_1_6' title="bbox 549 4262 2876 4532">
    <p class='ocr_par' dir='ltr' id='par_1_6' title="bbox 549 4262 2876 4532">
     <span class='ocr_line' id='line_1_36' title="bbox 753 4262 2876 4350; baseline -0.002 -14"><span class='ocrx_word' id='word_1_305' title='bbox 753 4284 796 4350; x_wconf 85' lang='lat'>³)</span> <span class='ocrx_word' id='word_1_306' title='bbox 836 4281 1038 4350; x_wconf 86' lang='lat' dir='ltr'>Sequor</span> <span class='ocrx_word' id='word_1_307' title='bbox 1077 4281 1134 4333; x_wconf 90' lang='lat' dir='ltr'>in</span> <span class='ocrx_word' id='word_1_308' title='bbox 1169 4281 1495 4349; x_wconf 84' lang='lat' dir='ltr'>temporibus</span> <span class='ocrx_word' id='word_1_309' title='bbox 1531 4276 1835 4349; x_wconf 74' lang='grc' dir='ltr'><em>ἀμνηστίας</em></span> <span class='ocrx_word' id='word_1_310' title='bbox 1872 4295 2008 4347; x_wconf 87' lang='lat' dir='ltr'>quae</span> <span class='ocrx_word' id='word_1_311' title='bbox 2045 4281 2271 4334; x_wconf 85' lang='lat' dir='ltr'>vocatur</span> <span class='ocrx_word' id='word_1_312' title='bbox 2291 4276 2680 4332; x_wconf 84' lang='lat' dir='ltr'>definiendisR.</span> <span class='ocrx_word' id='word_1_313' title='bbox 2703 4262 2876 4333; x_wconf 47' lang='lat' dir='ltr'>Grosss</span> 
     </span>
     <span class='ocr_line' id='line_1_37' title="bbox 549 4368 2860 4442; baseline -0.004 -12"><span class='ocrx_word' id='word_1_314' title='bbox 549 4391 722 4430; x_wconf 86' lang='lat' dir='ltr'>serum</span> <span class='ocrx_word' id='word_1_315' title='bbox 758 4374 851 4442; x_wconf 88' lang='lat' dir='ltr'>qui</span> <span class='ocrx_word' id='word_1_316' title='bbox 888 4371 1335 4427; x_wconf 84' lang='lat' dir='ltr'>commentatione</span> <span class='ocrx_word' id='word_1_317' title='bbox 1375 4372 1507 4439; x_wconf 87' lang='lat' dir='ltr'>„Die</span> <span class='ocrx_word' id='word_1_318' title='bbox 1544 4372 1820 4426; x_wconf 83' lang='lat' dir='ltr'>Amnestie</span> <span class='ocrx_word' id='word_1_319' title='bbox 1857 4370 1949 4425; x_wconf 82' lang='lat' dir='ltr'>des</span> <span class='ocrx_word' id='word_1_320' title='bbox 1985 4369 2173 4435; x_wconf 81' lang='lat' dir='ltr'>Jahres</span> <span class='ocrx_word' id='word_1_321' title='bbox 2207 4370 2310 4424; x_wconf 87' lang='lat'>403</span> <span class='ocrx_word' id='word_1_322' title='bbox 2344 4386 2392 4425; x_wconf 86' lang='lat' dir='ltr'>v.</span> <span class='ocrx_word' id='word_1_323' title='bbox 2421 4369 2574 4424; x_wconf 86' lang='lat' dir='ltr'>Chr.“</span> <span class='ocrx_word' id='word_1_324' title='bbox 2630 4368 2860 4422; x_wconf 85' lang='lat' dir='ltr'>Minden.</span> 
     </span>
     <span class='ocr_line' id='line_1_38' title="bbox 550 4460 2534 4532; baseline -0.002 -14"><span class='ocrx_word' id='word_1_325' title='bbox 550 4466 697 4519; x_wconf 79' lang='lat'>1868.</span> <span class='ocrx_word' id='word_1_326' title='bbox 736 4463 880 4517; x_wconf 84' lang='lat' dir='ltr'>edita</span> <span class='ocrx_word' id='word_1_327' title='bbox 916 4463 1049 4516; x_wconf 87' lang='lat' dir='ltr'>hanc</span> <span class='ocrx_word' id='word_1_328' title='bbox 1085 4461 1449 4530; x_wconf 84' lang='lat' dir='ltr'>quaestionem</span> <span class='ocrx_word' id='word_1_329' title='bbox 1489 4461 1553 4514; x_wconf 86' lang='lat' dir='ltr'>ad</span> <span class='ocrx_word' id='word_1_330' title='bbox 1594 4466 1803 4516; x_wconf 87' lang='lat' dir='ltr'>certum</span> <span class='ocrx_word' id='word_1_331' title='bbox 1838 4461 2104 4532; x_wconf 79' lang='lat' dir='ltr'>redegisse</span> <span class='ocrx_word' id='word_1_332' title='bbox 2141 4461 2271 4515; x_wconf 90' lang='lat' dir='ltr'>mihi</span> <span class='ocrx_word' id='word_1_333' title='bbox 2308 4460 2534 4515; x_wconf 86' lang='lat' dir='ltr'>videtur.</span> 
     </span>
    </p>
   </div>
  </div>
 </body>
</html>
