3242 5042
1383 344 1894 414 -33-'

439 526 775 590 versatum
834 522 983 588 inde
1042 521 1323 587 fortasse
1371 519 1783 603 perspicitur,
1848 519 2015 599 quod
2063 524 2211 600 post
2258 520 2754 589 Atheniensium

394 688 397 695 .
438 633 690 701 cladem
745 631 813 697 in
871 629 1093 696 Sicilia
1147 635 1487 713 acceptam
1533 628 1967 695 Thurinorum
2020 627 2253 694 animis
2295 628 2381 694 ad
2421 630 2752 697 Lacedae-

434 730 791 823 moniorum
830 744 1054 821 partes
1113 739 1446 805 conversis
1503 756 1649 804 cum
1714 735 1998 802 trecenti
2057 736 2184 802 viri
2244 735 2383 802 eius
2443 737 2750 804 factionis

437 868 605 931 quae
665 843 1011 931 ἀττικίζειν
1078 847 1426 914 videbatur
1484 866 1566 913 ex
1618 847 1778 912 urbe
1823 844 2075 927 expulsi
2122 848 2361 928 essent,
2418 845 2486 911 in
2532 865 2749 913 eorum

437 975 699 1023 numero
736 956 1006 1040 Lysiam
1050 940 1300 1036 quoqu'e
1356 955 1555 1023 fuisse
1605 972 1827 1021 omnes
1883 953 2065 1021 vitae
2122 958 2425 1020 auctores
2480 973 2749 1021 comme-

435 1069 709 1132 morant.
774 1064 962 1148 Quod
998 1062 1246 1131 factum
1292 1067 1395 1129 est
1436 1065 1520 1131 01.
1562 1069 1667 1147 91,
1714 1065 1853 1129 4-
1882 1080 1942 1129 a.
1977 1066 2103 1128 413
2130 1061 2452 1128 Cleocrito
2475 1063 2755 1129 Athenis

431 1173 750 1240 archonte
809 1173 965 1259 (non
1023 1171 1336 1238 Clearcho
1395 1176 1469 1237 ut
1511 1171 1684 1238 falso
1745 1171 2039 1236 referunt
2096 1169 2624 1260 Ps‚-Plutarchus
2683 1176 2752 1237 et

431 1281 775 1367 Photius.).
873 1280 1250 1360 Insequenti
1303 1279 1540 1347 deinde
1609 1297 1781 1346 anno
1842 1278 2053 1345 Callia
2105 1277 2388 1344 Athenis
2438 1281 2753 1346 archonte

433 1389 673 1472 Lysias
711 1389 1007 1455 Athenas
1067 1388 1349 1456 revertit
1394 1388 1962 1471 quadragesimum
2013 1385 2355 1468 septimum
2396 1405 2602 1470 agens
2642 1406 2749 1454 ae-

435 1499 598 1565 tatis
654 1517 909 1581 annum,
975 1502 1048 1564 ut
1091 1497 1449 1581 Dionysius
1505 1501 1574 1565 et
1615 1497 1851 1564 Suidas
1892 1496 2184 1563 tradunt.
2276 1495 2463 1578 Quod
2504 1495 2750 1580 Diony-

435 1605 566 1671 sius
618 1604 803 1671 addit
835 1655 866 1689 „
888 1598 981 1684 ὡς
1035 1599 1120 1672 ἄν
1158 1629 1258 1683 τις
1299 1599 1608 1672 εἰκάσειεν
1627 1655 1643 1687 ,
1688 1606 1856 1671 110110
1897 1602 1968 1669 111
2009 1606 2264 1685 partem
2304 1602 2750 1686 accipiendum

433 1717 563 1797 est,
610 1714 779 1780 sicut
822 1732 943 1781 nos
985 1713 1289 1780 dicimus:
1343 1714 1506 1796 „wie
1552 1732 1703 1780 man
1747 1712 2152 1779 ausrechnen
2194 1712 2432 1777 kann.“
2502 1711 2747 1796 Diony-

432 1823 567 1889 sius
613 1822 786 1888 enim
830 1822 1076 1888 aetatis
1120 1841 1326 1889 annos
1367 1823 1434 1889 in
1476 1822 1658 1888 fonte
1701 1840 1826 1888 non
1874 1838 2177 1902 expresse
2220 1825 2750 1889 commemoratos

431 1929 687 1996 invenit
726 1934 795 1996 et
842 1948 925 1995 ex
969 1948 1086 1995 sua
1118 1929 1600 2012 computatione
1644 1928 1904 1995 adiecit.
1975 1927 2281 2011 Triginta
2316 1927 2521 2010 igitur
2550 1947 2747 1996 unum

432 2038 541 2104 vel
603 2038 762 2104 duos
818 2056 1023 2104 annos
1066 2037 1304 2121 Lysias
1348 2037 1608 2104 Thuriis
1665 2035 2015 2117 habitavit,
2078 2039 2147 2102 et
2192 2036 2747 2118 perversissimum

434 2151 538 2213 est
571 2147 739 2226 quod
763 2145 1297 2214 Ps.-Plutarchus
1323 2147 1554 2212 habet:
1604 2144 1716 2231 ἔτη
1761 2139 2077 2224 ἑξήκοντα
2119 2145 2287 2230 τρία,
2335 2163 2502 2225 quae
2546 2146 2749 2212 verba

431 2273 475 2319 a
515 2253 741 2321 multis
776 2253 906 2320 iam
946 2252 1106 2321 viris
1150 2254 1359 2320 doctis
1399 2254 1550 2320 inde
1573 2272 1612 2319 a
1644 2252 1949 2334 MeursiO,
1994 2251 2104 2333 qui
2132 2252 2350 2318 Lectt.
2387 2252 2593 2320 Attio.
2627 2254 2743 2338 IV,

430 2365 530 2443 15,
588 2381 650 2444 p.
710 2367 831 2428 198
891 2355 1250 2446 τριάκοντα
1305 2363 1453 2447 τρία
1506 2359 1806 2442 coniecit,
1866 2362 2194 2441 temptata
2259 2364 2430 2427 sunt.
2535 2351 2748 2427 Multo

425 2474 643 2535 autem
689 2469 905 2536 verior
936 2488 1128 2550 quam
1157 2470 1276 2536 illa
1300 2469 1600 2551 speciosa
1633 2468 1852 2561 mendi
1877 2467 2246 2551 explicatio,
2293 2486 2484 2548 quam
2510 2469 2744 2535 Schoe-

426 2578 569 2644 nius
602 2577 666 2644 J.
711 2577 777 2645 J.
828 2582 1017 2662 1871,
1063 2598 1123 2660 p.
1177 2583 1299 2645 '7¹72
1343 2576 1697 2662 proposuit,
1744 2576 1853 2658 qui
1894 2576 2231 2643 librarium
2275 2578 2597 2657 quendam
2626 2596 2742 2660 pro

423 2680 783 2772 τριάκοντα
814 2672 981 2754 falso
1026 2679 1363 2774 ἑξήκοντα,
1407 2689 1546 2752 tum
1574 2688 1651 2751 ut
1688 2704 1969 2752 errorem
2007 2685 2384 2769 corrigeret,
2421 2679 2745 2773 ’ἐξήκοντα

425 2817 576 2879 τρια
620 2795 956 2878 scripsisse
1017 2800 1230 2879 putat,
1289 2795 1570 2861 Zuckeri
1629 2794 2003 2861 coniectura
2070 2812 2213 2860 esse
2258 2794 2415 2860 mihi
2462 2795 2740 2877 videtur,

428 2902 538 2982 qui
576 2903 754 2991 (Act.
797 2904 1033 2971 Semin.
1078 2905 1235 2986 phil.
1277 2904 1418 2971 Erl.
1469 2908 1654 2970 1877.
1694 2923 1757 2985 p.
1799 2904 1956 2991 305)
1995 2902 2146 2969 inde
2179 2903 2532 2987 profectus,
2577 2904 2743 2982 quod

424 3030 741 3078 annorum
785 3029 1088 3078 numerus
1123 3031 1463 3096 perperam
1511 3029 1654 3078 cum
1698 3012 1899 3079 verbo
1940 3006 2407 3077 πολιτεύεσθαι
2443 3011 2741 3076 0011111110-

423 3105 530 3186 tus
584 3124 706 3203 est,
763 3119 832 3186 in
885 3119 987 3184 his
1039 3120 1255 3187 verbis
1309 3121 1525 3204 potius
1584 3120 1749 3186 illud
1802 3118 2102 3202 Dionysii
2161 3123 2229 3185 et
2286 3119 2506 3186 Photii
2563 3120 2741 3186 addi-

423 3230 784 3295 tamentum
853 3225 948 3312 (ὲν
1007 3221 1280 3315 εὐπορίᾳ
1330 3230 1571 3316 πολλῇ)
1620 3213 1833 3295 latere
1892 3229 2294 3310 suspicatur3
2366 3247 2565 3309 quare
2626 3247 2741 3309 pro

424 3338 922 3402 KONTATPIA
981 3336 1325 3418 legendum
1377 3340 1573 3419 putat
1618 3338 2080 3418 EYIIOPIA13
2137 3337 2360 3403 eodem
2402 3354 2557 3403 vero
2601 3338 2741 3402 11110

422 3444 637 3527 potuit
677 3464 792 3527 pro
838 3442 1204 3517 ΕΤΗΕΞΗ
1236 3445 1520 3513 scribere
1564 3448 2042 3512 ΕΝΠΟΛΛΗΙ.

632 3552 871 3636 Lysias
915 3572 996 3619 ex
1039 3572 1164 3633 quo
1190 3555 1490 3622 Athenas
1531 3554 1841 3637 redierat,
1887 3553 2160 3636 primum
2181 3554 2352 3635 apud
2390 3552 2745 3634 Cephalum

423 3666 698 3745 patrem,
761 3662 870 3741 qui
915 3661 1212 3729 aedificia
1254 3663 1322 3728 in
1366 3663 1638 3731 Piraeeo
1685 3668 1754 3728 et
1795 3662 1863 3728 in
1908 3662 2049 3744 ipsa
2086 3663 2245 3728 urbe
2299 3662 2739 3742 maximasque

423 3768 709 3836 habebat
771 3769 1036 3837 divitias
1084 3776 1153 3836 et
1205 3771 1376 3837 hanc
1429 3772 1509 3836 ob
1570 3789 1830 3837 causam
1886 3770 1954 3835 in
2011 3768 2465 3851 inquilinorum
2519 3787 2739 3837 eorum

424 3876 534 3955 qui
592 3877 898 3956 tohozemg
961 3882 1280 3945 vocantur
1336 3897 1669 3945 numerum
1726 3881 2029 3959 receptus
2089 3895 2230 3942 esse
2280 3877 2543 3943 videtur
2593 3877 2737 3962 (cfr.

421 3984 707 4051 Boeckh.
750 3985 1045 4053 Staatsh.
1089 3987 1150 4053 d.
1184 3988 1424 4053 Athen.
1472 3987 1526 4071 I,
1570 4007 1634 4070 p.
1682 3993 1825 4053 175.
1865 3985 1955 4068 Π,
1997 4005 2062 4067 p.
2096 3990 2195 4050 75.
2240 3988 2346 4068 78)
2388 3986 2733 4055 habitavit.

424 4089 624 4159 Patre
669 4094 913 4183 deinde·
947 4095 1208 4162 circiter
1253 4097 1334 4163 ol.
1381 4103 1484 4180 92,
1529 4102 1572 4162 4
1615 4135 1702 4145 —
1744 4115 1805 4162 a.
1840 4099 1966 4162 409
1998 4098 2250 4162 mortuo
2278 4095 2739 4163 Polemarchus

423 4201 492 4264 et
534 4199 769 4282 Lysias
811 4198 931 4268 filii
958 4220 1108 4270 nam
1152 4204 1233 4271 de
1275 4205 1474 4270 tertio
1517 4204 1729 4270 fratre
1749 4204 2185 4288 EuthydemO,
2231 4224 2419 4286 quem
2465 4224 2546 4272 ex
2588 4206 2737 4272 Pla-

420 4307 596 4375 tonis
654 4309 1013 4391 Republica
1068 4317 1136 4378 et
1205 4331 1286 4378 ex
1328 4312 1822 4378 Ps-Plutarcho
1878 4314 2327 4397 cognovimuS,
2383 4314 2546 4380 nihil
2602 4332 2734 4379 am-

416 4418 587 4500 plius
619 4417 905 4484 traditur
932 4460 1008 4468 --
1045 4420 1478 4488 hereditatem
1511 4421 1608 4488 ita
1632 4423 2062 4503 possederunt
2096 4428 2169 4489 ut
2199 4422 2437 4506 Lysias
2480 4423 2732 4491 domum
