3242 5042
1429 409 1849 469 ...30—

484 575 633 653 post
703 571 1244 657 Metagitnionem
1311 575 1449 643 sive
1512 594 1592 640 m.
1661 574 2107 658 Septembrem
2164 596 2221 641 a.
2287 577 2448 660 459,
2518 576 2809 645 Philocle

489 679 770 747 Athenis
812 683 1146 766 archonte,
1194 684 1303 765 qui
1337 686 1487 766 post
1528 682 2000 750 Phrasiclidem
2037 688 2348 766 praetura
2390 685 2805 769 fungebatur.

487 787 690 854 Patre
749 791 1059 857 utebatur
1101 791 1386 873 Cephalo
1429 792 1862 876 SyracusanO,
1924 811 2112 875 quem
2156 794 2348 875 paulo
2392 799 2551 861 ante
2604 793 2802 860 filium

356 894 367 905 ‘
489 901 717 963 natum
761 898 843 964 de
889 899 1108 982 patria
1131 900 1431 967 Athenas
1453 901 1711 969 Pericle
1755 907 2023 970 auctore
2068 901 2464 970 concessisse
2503 922 2565 986 p.
2605 910 2689 973 2¹7
2713 921 2807 984 sq.

488 1006 907 1074 ostendimus,
982 1008 1484 1077 Perversissima
1531 1017 1685 1076 sunt
1728 1029 1894 1091 quae
1919 1011 2192 1078 Photius
2231 1011 2415 1099 (bibl.
2460 1030 2512 1077 c.
2557 1016 2707 1094 262)
2741 1016 2811 1078 et

487 1113 765 1181 Tzetzes
784 1115 980 1201 (Chil.
1008 1116 1085 1194 V,
1107 1119 1279 1205 983),
1317 1117 1566 1199 „futilis
1586 1119 1703 1185 ille
1724 1125 1953 1187 auctor
1972 1124 2041 1186 et
2071 1139 2316 1197 recens,
2350 1139 2573 1188 verum
2594 1125 2804 1186 mutu-

486 1224 637 1288 atus
651 1225 872 1306 procul
893 1225 1083 1292 dubio
1107 1244 1150 1291 a
1175 1226 1382 1292 bonae
1397 1226 1550 1294 fidei
1565 1229 2025 1310 scriptoribus“
2043 1230 2259 1314 (Tayl.
2274 1230 2393 1298 vit.
2411 1230 2567 1313 Lys.
2583 1230 2805 1298 Reisk.

488 1330 559 1399 O.
585 1331 661 1396 G.
688 1331 802 1414 VI,
839 1351 902 1414 p.
933 1336 1079 1416 105)
1115 1340 1408 1400 narrant.
1456 1336 1555 1400 Ac
1579 1335 1820 1419 Photii,
1849 1336 1959 1418 qui
1983 1337 2252 1420 Lysiam
2273 1337 2482 1418 ipsum
2506 1337 2807 1403 Athenas

486 1426 796 1522 petivisse
823 1441 1140 1508 desiderio
1172 1443 1349 1509 urbis
1374 1448 1443 1509 et
1471 1443 1749 1511 Periclis
1778 1444 1958 1511 fama
1985 1445 2339 1510 adductum
2365 1443 2591 1526 tradit,
2629 1461 2808 1510 error

486 1548 682 1614 facile
727 1549 947 1615 sanari
992 1554 1237 1633 potest,
1291 1551 1346 1616 si
1388 1572 1505 1633 pro
1551 1553 1809 1619 casibus
1863 1551 2283 1620 nominativis
2326 1551 2653 1636 genitivos
2697 1570 2806 1635 po-

483 1656 719 1722 nimus:
767 1652 1079 1741 Κεφάλου
1115 1660 1304 1744 γένος
1336 1660 1454 1746 μὲν
1490 1663 1952 1747 Συρακουσίου
1974 1661 2354 1749 (cod—og),
2395 1657 2804 1746 μετανάστου

483 1766 694 1851 (-ης)
715 1765 787 1831 δὲ
808 1760 1155 1851 γεγονότος
1186 1773 1412 1851 (-ως)
1437 1768 1525 1847 εἰς
1545 1762 1840 1857 Ἀθήνας
1859 1775 2000 1837 κτλ.
2043 1770 2330 1836 Tzetzae
2353 1773 2574 1835 autem
2599 1769 2804 1835 verba

486 1872 648 1939 adeo
692 1876 1082 1955 perturbata
1124 1880 1279 1942 sunt
1324 1895 1405 1944 ac
1440 1877 1715 1945 confusa
1757 1882 1834 1944 ut
1890 1877 2122 1945 merito
2166 1896 2246 1944 ea
2286 1880 2791 1959 praetereamus,

691 1980 794 2048 De
837 1983 1042 2066 Lysia
1083 2002 1283 2066 puero
1339 1985 1502 2051 nihil
1542 1986 1860 2052 traditum
1919 1991 2021 2052 est
2062 1985 2188 2052 nisi
2239 1985 2412 2066 quod
2467 2004 2611 2051 eum
2657 2003 2800 2050 cum

485 2089 1023 2157 nobilissimorum
1085 2093 1586 2159 Atheniensium
1629 2092 1783 2158 filiis
1827 2094 2151 2160 eruditum
2186 2111 2330 2159 esse
2362 2092 2803 2175 comperimus

490 2195 737 2278 Quibus
775 2198 1111 2281 magistris
1154 2218 1310 2266 usus
1359 2200 1467 2283 sit,
1512 2199 1671 2266 item
1715 2200 1878 2267 nihil
1919 2201 2143 2267 dicunt
2188 2201 2408 2267 fontes
2446 2199 2655 2266 nostri
2696 2217 2806 2265 ne-

489 2321 611 2384 que
653 2310 754 2371 est
804 2325 921 2372 cur
943 2307 1133 2374 vanis
1178 2326 1439 2390 operam
1474 2326 1790 2375 navemus
1817 2308 2226 2374 coniecturis.
2295 2308 2389 2373 Et
2434 2306 2504 2373 G.
2527 2307 2807 2374 Schoen-

488 2413 699 2479 bornii
744 2414 1001 2496 quidem
1049 2416 1476 2501 sententiam,
1544 2417 1654 2498 qui
1697 2417 2241 2483 commentatione
2290 2416 2411 2498 „de
2453 2414 2627 2481 Plat.
2671 2411 2807 2478 Me-

487 2541 736 2589 nexeno
782 2530 852 2591 et
895 2526 1051 2609 Lys.
1099 2526 1470 2609 epitaphio“
1524 2526 1691 2595 Gub.
1746 2532 1911 2593 1830
1958 2525 2139 2592 edita
2179 2524 2448 2607 Lysiam
2490 2524 2574 2589 ab
2618 2520 2806 2588 Anti-

484 2631 730 2713 phonte
776 2634 1074 2700 edoctum
1120 2652 1263 2701 esse
1307 2636 1716 2717 autumavit,
1782 2634 2019 2700 falsam
2072 2637 2141 2699 et
2198 2650 2280 2699 ex
2327 2633 2811 2714 praeoccupata

489 2740 569 2806 de
613 2742 922 2822 prooemii
966 2742 1313 2809 Menexeni
1357 2743 1689 2811 Platonici
1745 2743 2042 2825 opinione
2085 2744 2381 2808 exortam
2442 2758 2585 2806 esse
2626 2742 2808 2806 recte

487 2850 897 2931 praedicavit
954 2851 1393 2918 Hoelscherus
1431 2871 1494 2933 p.
1544 2856 1640 2917 15.
1748 2850 1935 2933 Quod
1994 2855 2214 2916 autem
2268 2848 2810 2915 Westermannus

485 2956 694 3037 praef.
772 2957 868 3024 ed.
926 2957 1082 3041 Lys‚
1168 2979 1228 3042 p.
1306 2958 1374 3024 X
1432 2958 1701 3041 Lysiam
1772 2956 1945 3023 forte
2003 2957 2288 3023 Athenis
2348 2956 2478 3023 iam
2539 2955 2808 3021 fucatae

493 3065 906 3145 eloquentiae
955 3066 1146 3134 initia
1185 3087 1224 3133 a
1274 3066 1524 3149 Gorgia
1563 3066 1721 3133 illuc
1764 3065 2101 3133 translata
2144 3064 2474 3131 imbibisse
2524 3063 2809 3145 suspica-

488 3178 616 3256 tur,
663 3174 977 3258 equidem,
1019 3176 1170 3256 quia
1200 3174 1483 3258 Gorgias
1520 3176 1599 3244 ol.
1634 3181 1737 3257 88,
1764 3181 1975 3241 2—a.
2014 3179 2139 3241 42'7
2172 3193 2317 3241 cum
2340 3172 2804 3267 Leontinorum

492 3282 735 3366 legatis
778 3284 1079 3349 Athenas
1121 3284 1332 3366 venit,
1381 3302 1506 3365 quo
1549 3303 1721 3351 anno
1741 3282 2011 3367 Lysiam
2057 3282 2340 3349 Athenis
2382 3280 2626 3347 afuisse
2666 3298 2810 3346 cum

490 3391 825 3459 veteribus
875 3392 1201 3475 ponimus,
1264 3393 1620 3458 concedere
1678 3410 1807 3458 non
1845 3410 2123 3474 possum.
2214 3390 2517 3455 Ceterum
2560 3388 2809 3469 Cepha-

490 3500 625 3565 lum
669 3504 925 3583 patrem
971 3500 1241 3566 divitem
1283 3501 1559 3568 Periclis
1602 3501 1879 3567 amicum
1922 3499 2127 3566 filium
2172 3497 2626 3564 liberalissime
2658 3498 2810 3564 edu-

491 3609 745 3676 cavisse
787 3610 1187 3692 optimosque
1232 3611 1604 3677 adhibuisse
1650 3609 1998 3693 magistros
2040 3625 2227 3673 nemo
2270 3606 2678 3673 diffitebitur.

698 3719 857 3784 Cum
896 3720 1334 3787 Athenienses
1391 3720 1471 3786 ol.
1521 3723 1624 3802 84,
1675 3725 1707 3785 1
1741 3758 1792 3765 -·
1827 3738 1887 3784 a.
1932 3721 2059 3782 443
2107 3716 2443 3782 Praxitele
2491 3715 2806 3781 archonte

494 3828 772 3895 Thurios
817 3846 984 3910 quae
1027 3833 1228 3895 antea
1274 3827 1545 3911 Sybaris
1606 3827 1943 3909 appellata
1988 3828 2135 3891 erat
2177 3825 2493 3891 coloniam
2536 3823 2810 3888 deduce-

493 3942 663 4021 rent,
707 3937 963 4022 LysiaS,
1011 3937 1121 4018 qui
1147 3943 1285 4003 tum
1318 3935 1685 4017 quindecim
1707 3936 1993 4001 habebat
2017 3952 2241 4017 annos,
2288 3951 2415 4013 qua
2456 3932 2524 3996 in
2564 3950 2637 3996 re
2680 3949 2809 3996 om-

496 4065 612 4112 nes
655 4051 957 4112 auctores
1021 4045 1390 4112 consentire
1449 4062 1647 4125 supra
1707 4061 1770 4124 p.
1817 4048 1875 4107 9.
1914 4042 2222 4124 diximuS,
2282 4044 2401 4106 aut
2445 4057 2590 4104 cum
2624 4037 2810 4105 Pole-

496 4156 758 4222 marcho
803 4154 1016 4220 fratre
1060 4158 1224 4220 natu
1267 4152 1563 4234 maximo,
1617 4155 1693 4217 ut
1726 4150 1934 4216 falsus
1974 4148 2370 4215 Plutarchus
2427 4150 2498 4213 et
2538 4146 2813 4214 Photius

496 4265 789 4344 tradunt,
839 4266 956 4329 aut
1000 4281 1144 4329 cum
1189 4263 1437 4328 duobus
1476 4259 1824 4342 fratribus,
1879 4262 1956 4324 ut
1995 4255 2350 4340 Dionysius
2404 4260 2634 4322 narrat
2649 4306 2666 4339 ,
2726 4256 2811 4322 ad

482 4374 759 4440 ‘colonos
800 4389 944 4438 sese
987 4369 1402 4454 aggregavit.
1466 4368 1648 4435 Satis
1686 4367 1844 4434 mihi
1887 4369 1991 4433 est
2040 4367 2208 4432 hanc
2247 4364 2626 4432 distinctam
2649 4370 2809 4431 tem-

496 4482 669 4567 poris
728 4480 1128 4547 notationem
1190 4478 1294 4544 hic
1352 4476 1805 4562 descripsisse3
1865 4495 2016 4545 nam
2076 4493 2238 4557 quas
2295 4474 2484 4542 multi
2537 4473 2666 4543 iam
2715 4472 2809 4542 in-
