3242 5042
1463 387 1543 398 -
1634 354 1889 416 26«-

518 514 784 580 Etenim
827 521 944 582 aut
1001 536 1167 599 quae
1210 522 1473 586 veteres
1516 519 1596 584 de
1640 519 1884 603 Lysiae
1929 540 2100 588 anno
2144 524 2355 590 natali
2412 524 2829 590 tradiderunt

515 642 778 705 prorsus
819 624 1218 710 abiecerunt,
1259 626 1393 693 illis
1435 632 1656 694 autem
1698 620 2178 697 Ps-'Plutarchi
2219 633 2467 701 verbis:
2517 635 2665 716 ,τοῦ
2707 655 2830 699 πα-

515 730 673 820 τρὸς
714 728 834 821 ἤδη
876 728 1439 822 τετελευτηκότοςι
1500 739 1758 803 tantam
1795 739 2243 806 attribuerunt
2284 741 2416 809 vim
2435 791 2452 824 ,
2514 744 2590 807 ut
2629 756 2711 807 ex
2749 739 2831 806 iis

520 842 793 925 Cephali
863 847 1152 910 aetatem
1220 842 1600 926 definirent3
1685 849 1803 912 aut
1873 851 2169 914 veterum
2233 847 2699 915 auctoritatem
2763 846 2833 912 in

522 953 889 1019 enarranda
923 951 1166 1036 Lysiae
1209 951 1350 1018 vita
1396 952 1607 1018 secuti
1655 953 1815 1020 illud
1854 956 2394 1040 additamentum,
2447 955 2615 1036 quod
2659 956 2835 1021 solus

519 1060 915 1129 Plutarchus
975 1060 1084 1141 qui
1127 1060 1338 1126 fertur
1394 1061 1613 1145 habet,
1674 1062 1911 1130 falsum
1976 1083 2120 1132 esse
2183 1068 2603 1147 putaverunt.
2709 1063 2838 1147 Qui

520 1174 740 1237 autem
766 1169 1035 1253 Lysiam
1060 1169 1143 1235 01.
1175 1175 1277 1252 80,
1320 1175 1356 1236 2
1382 1172 1607 1236 natum
1632 1188 1775 1237 esse
1804 1176 1874 1238 et
1903 1171 2260 1254 Cephalum
2299 1173 2383 1241 ol.
2422 1178 2525 1256 92,
2565 1178 2601 1239 3
2636 1172 2836 1238 etiam

520 1279 743 1348 vivere
775 1278 1258 1362 existimabant,
1305 1279 1390 1344 ad
1434 1278 1597 1345 mira
1624 1280 1906 1346 artificia
1929 1282 2383 1365 confugerunt.
2455 1281 2563 1347 Sic
2586 1281 2835 1347 Boeck-

523 1388 669 1453 hius
720 1385 988 1470 Lysiam
1045 1385 1386 1468 Syracusis
1444 1391 1675 1453 natum
1733 1391 1803 1454 et
1864 1407 2007 1456 cum
2047 1389 2333 1472 Cephalo
2376 1389 2653 1457 Thurios
2689 1407 2834 1471 pro-

521 1496 765 1563 fectum
801 1512 964 1577 esse,
1011 1500 1266 1576 patrem
1310 1496 1542 1562 deinde
1587 1497 1792 1562 solum
1840 1498 1922 1564 ol.
1954 1504 2036 1564 85
2059 1517 2212 1565 -a.
2238 1503 2366 1566 440
2406 1499 2707 1575 Athenas
2763 1514 2833 1563 se

523 1603 876 1670 contulisse
951 1602 1318 1685 suspicatus
1398 1607 1517 1668 est.
1628 1605 1835 1684 Atqui
1908 1604 2136 1687 optimi
2206 1609 2509 1672 auctores
2567 1586 2837 1688 Lysiam

521 1710 801 1778 Athenis
841 1713 1068 1777 natum
1111 1729 1254 1776 esse
1293 1709 1478 1776 nobis
1497 1713 1858 1779 testantur:
1910 1712 2135 1779 Cicero
2173 1714 2355 1791 Brut.
2386 1717 2484 1796 16,
2514 1719 2615 1796 63,
2662 1712 2814 1778 Dio-

523 1818 749 1903 nysius
789 1817 1024 1901 Halia,
1079 1820 1330 1884 Auctor
1372 1818 1659 1885 vitarum
1701 1821 1769 1885 X
1812 1825 2142 1888 oratorum
2159 1873 2175 1905 ,
2231 1821 2501 1902 Suidas3
2561 1820 2839 1905 Syracu-

524 1946 753 1995 sanum
812 1945 956 1993 eum
999 1926 1339 1993 nominant
1382 1927 1689 1994 Timaeus
1734 1929 2322 1996 Tauromenitanus
2365 1929 2538 2013 apud
2587 1928 2840 1996 Cicero-

527 2055 673 2104 nem
718 2036 758 2105 1.
804 2035 865 2118 1.,
927 2035 1219 2102 Iustinus
1261 2035 1341 2118 V,
1386 2041 1446 2119 9,
1495 2034 1762 2103 Orosius
1791 2037 1880 2119 ΙΙ,
1941 2056 1995 2104 0.
2033 2037 2254 2121 XVII,
2307 2038 2599 2121 Photius,
2660 2037 2841 2103 cuius

525 2149 748 2211 tamen
779 2144 958 2210 locus
990 2143 1511 2225 corruptissimus
1554 2144 1648 2209 nil
1675 2144 1873 2212 valet.
1949 2145 2335 2228 Quanquam
2379 2149 2599 2212 autem
2627 2145 2840 2212 Rade-

527 2256 886 2337 macheruS,
941 2252 1050 2334 qui
1092 2251 1422 2318 Boeckhio
1469 2253 1849 2336 assentitur,
1900 2248 2170 2338 Lysiam
2209 2254 2677 2321 Atheniensem
2731 2272 2841 2322 vo-

526 2366 744 2430 catum
811 2379 954 2428 esse
1012 2361 1458 2427 demonstrare
1525 2361 1813 2443 studuit,
1879 2362 2030 2443 quia
2091 2362 2416 2445 Cephalus
2474 2365 2666 2444 pater
2725 2361 2841 2426 tri-

527 2471 716 2555 ginta
772 2487 977 2537 annos
1019 2468 1301 2535 Athenis
1344 2469 1649 2554 degeret,
1709 2470 1859 2550 quia
1916 2470 2058 2552 ipse
2114 2470 2443 2537 orationes
2499 2469 2844 2550 plerasque

528 2578 846 2647 scriberet
888 2579 1194 2661 AtheniS,
1248 2577 1400 2659 quia
1455 2597 1686 2660 puram
1734 2568 2092 2661 'praeberet
2135 2579 2488 2645 dialectum
2529 2577 2843 2662 Atticam,

531 2686 809 2766 denique
850 2685 1002 2766 quia
1043 2687 1540 2753 Atheniensium
1577 2689 1773 2755 rebus
1817 2689 2011 2755 valde
2050 2689 2308 2755 faveret
2354 2697 2442 2769 (p.
2488 2689 2616 2774 53),
2662 2686 2847 2752 nobis

530 2814 659 2864 non
718 2793 1077 2878 persuasit3
1148 2794 1338 2860 immo
1404 2797 1526 2861 hoc
1591 2800 1963 2881 teneamus,
2032 2797 2297 2880 Lysiam
2361 2795 2643 2861 Athenis
2703 2813 2847 2861 esse

532 2910 778 2987 natum,
818 2904 886 2970 id
928 2904 1095 2985 quod
1139 2908 1348 2969 testes
1389 2904 1729 2984 aliquanto
1773 2906 1901 2972 fide
1940 2906 2268 2990 digniores
2306 2906 2602 2987 tradunt,
2652 2903 2846 2988 Syra-

534 3031 845 3080 cusanum
871 3029 1028 3079 vero
1075 3029 1158 3076 ex
1188 3010 1453 3092 paterni
1488 3012 1751 3094 generis
1792 3018 1940 3080 ortu
1983 3032 2171 3096 posse
2200 3013 2422 3081 vocari
2441 3012 2847 3101 (Hoelscher,

532 3143 591 3207 p.
632 3126 763 3205 12).
821 3120 952 3187 Sed
998 3119 1163 3185 haec
1198 3119 1342 3200 ipsa
1383 3138 1491 3186 res
1532 3120 1700 3200 quod
1729 3121 1792 3186 ei
1837 3122 1947 3203 qui
1988 3122 2231 3205 Lysiae
2277 3139 2516 3188 annum
2560 3119 2851 3185 natalem

534 3233 673 3300 sive
732 3228 1096 3310 quindecim
1153 3226 1277 3293 sivi
1332 3228 1574 3311 viginti
1622 3235 1872 3311 septem
1932 3230 2122 3297 annis
2178 3230 2611 3312 protulerunt,
2682 3229 2852 3294 hunc

534 3341 766 3409 nodum
813 3335 1124 3403 facillime
1168 3336 1503 3404 exsolvere
1545 3337 1958 3422 videbantur,
2008 3338 2286 3404 maxime
2331 3354 2547 3402 eorum
2594 3339 2852 3401 senten-

537 3451 699 3517 tiam
739 3445 963 3513 multis
1005 3445 1327 3527 probavit.
1414 3445 1723 3513 Nostrum
1781 3447 1989 3530 igitur
2031 3447 2187 3522 erit,
2234 3446 2430 3512 aliam
2473 3444 2853 3529 patefacere

536 3558 711 3627 viam
743 3573 870 3636 qua
913 3553 1126 3620 omnia
1168 3553 1411 3635 optime
1454 3554 1880 3635 explicentur.

742 3663 843 3729 Ac
882 3661 1155 3744 primum
1192 3662 1449 3743 quidem
1493 3681 1639 3729 cum
1681 3662 1949 3747 Lysiam
1994 3661 2075 3729 ol.
2106 3667 2209 3744 80,
2240 3667 2278 3728 2
2318 3665 2546 3728 natum
2592 3659 2856 3740 eiusque

535 3778 791 3860 patrem
819 3771 1175 3855 Cephalum
1216 3771 1480 3837 circiter
1520 3771 1602 3838 01.
1640 3777 1742 3855 92,
1772 3775 1816 3838 4
1858 3774 2179 3837 mortuum
2223 3788 2367 3836 esse
2409 3769 2703 3851 velimus,
2745 3785 2856 3833 no-

537 3883 640 3950 bis
684 3899 935 3964 quoque
976 3881 1092 3948 illa
1124 3879 1464 3947 Plutarchi
1497 3880 1726 3946 Verba:
1775 3882 1914 3955 ,τοῦ
1957 3874 2210 3964 πατρὸς
2244 3871 2364 3964 ἤδη
2407 3870 2854 3963 τετελευτηκό-

541 3996 676 4069 τος(
718 3989 1006 4056 insiticia
1058 3988 1405 4055 iudicanda
1452 3992 1625 4053 sunt.
1713 3985 2000 4052 Difficile
2044 4003 2202 4052 sane
2248 3988 2351 4050 est
2393 3983 2855 4065 interpretatu,

543 4099 856 4181 quomodo
920 4100 1082 4164 haec
1142 4099 1346 4166 verba
1408 4097 1476 4163 in
1544 4099 1922 4186 contextum
1974 4094 2376 4178 irrepserint.
2476 4092 2631 4160 Sive
2689 4091 2858 4175 quod

543 4207 846 4274 Vitarum
889 4205 1186 4289 scriptor,
1231 4206 1506 4273 miratus
1550 4205 1720 4286 quod
1757 4204 1997 4287 Lysias
2041 4207 2111 4268 et
2152 4202 2611 4269 Polemarchus
2652 4203 2856 4268 Athe-

541 4335 663 4383 nas
683 4315 1144 4396 relinquebant
1175 4333 1299 4396 quo
1331 4314 1657 4396 Cephalus
1685 4316 1876 4396 pater
1899 4312 2092 4395 paulo
2114 4315 2270 4377 ante
2295 4310 2856 4394 commigraverat,

545 4430 621 4497 ut
639 4425 830 4494 huius
871 4424 970 4496 rei
997 4442 1257 4495 causam
1280 4424 1624 4507 indicaret,
1667 4425 1750 4489 de
1794 4441 1909 4491 suo
1953 4420 2233 4489 addidit:
2276 4447 2332 4490 τ.
2379 4445 2446 4488 π.
2489 4445 2547 4507 η.
2594 4445 2674 4499 τ.,
2718 4419 2858 4487 sive
