3242 5042
1468 360 1893 420 ,Μ-

516 531 588 592 ut
628 524 768 592 eiua
804 528 1276 592 auctoritatem
1320 528 1789 608 aequaretur&
1865 528 2101 592 Verum
2149 528 2537 612 Spengelius
2581 532 2649 596 et
2693 528 2833 612 ipse

516 636 696 700 illum
728 632 1104 720 Ἐρωτικῶν
1124 656 1164 700 a
1192 636 1392 716 Lysia
1412 636 1841 716 cunseriptum
1865 636 2129 716 putavit
2149 654 2417 716 eamque
2441 640 2829 704 sententiam

516 744 836 820 plerisque
900 744 1132 808 deiude
1192 744 1348 808 viris
1392 744 1600 808 ductis.
1645 752 1981 824 acceptam
2025 744 2337 812 videmua.
2429 744 2713 828 Quarum
2757 752 2829 812 ut

516 852 840 932 principe-5
872 852 1208 932 nemiuem,
1256 852 1336 916 A.
1380 852 1452 916 Β.
1484 852 1825 916 Hrisullius
1861 852 1929 936 (1.
1965 852 2005 916 l.
2045 872 2105 932 p.
2153 852 2453 936 ssei—23),
2505 852 2585 916 H.
2625 856 2829 936 Saup-

516 960 660 1040 piua
704 960 952 1048 [Oratt.
1000 960 1200 1024 Attia.
1264 960 1352 1040 II,
1400 980 1456 1040 p.
1508 964 1677 1044 ΕΗΒ),
1753 960 2281 1024 Weatermauuua
2325 960 2657 1046 (Quaeatt.
2705 964 2829 1028 [le-

520 1068 748 1132 musth.
796 1068 880 1148 II,
928 1088 988 1148 p.
1032 1072 1108 1132 '5³3
1156 1072 1228 1132 et
1272 1068 1472 1148 praef.
1516 1068 1612 1132 ed.
1649 1068 1801 1148 [135.
1853 1088 1909 1148 p.
1949 1068 2069 1148 xi,
2109 1072 2325 1132 annot.
2365 1068 2497 1152 45),
2541 1068 2829 1132 Vaterua

516 1176 580 1256 [1.
628 1176 668 1240 1.
720 1196 780 1256 p.
836 1176 984 1260 ΠΕ)
1028 1192 1244 1240 omnes
1290 1176 1460 1240 haut:
1504 1176 1862 1240 arationem
1909 1176 2149 1256 Lffaiae
2193 1176 2657 1240 attribuerunt.
2733 1176 2825 1240 Et

511 1288 850 1364 postquam
912 1280 980 1347 in
1037 1288 1364 1348 conventu
1402 1284 1871 1369 philologorum
1918 1284 2387 1350 Germanorum
2426 1303 2485 1349 a.
2541 1288 2704 1349 1858
2745 1284 2823 1347 L.

513 1388 806 1455 Schmidt
845 1388 896 1454 I.
944 1388 1241 1455 Vahleno
1297 1391 1703 1457 assentiente
1756 1391 2026 1457 eandem
2071 1390 2467 1457 sententiam
2510 1389 2825 1473 defendit,

512 1515 617 1562 res
661 1497 746 1563 ad
789 1487 1039 1562 certum
1073 1497 1346 1564 redacta
1379 1517 1520 1564 esse
1563 1499 1929 1568 videbatur.
2011 1497 2260 1564 Tamen
2300 1497 2455 1578 quia
2487 1498 2701 1564 adhuc
2730 1499 2826 1564 in-

512 1605 865 1672 veniuntur
908 1605 1016 1686 qui
1073 1606 1418 1673 Platonem
1475 1607 1790 1674 orationis
1845 1611 2178 1674 auctorem
2240 1624 2382 1673 esse
2428 1607 2675 1672 ducant
2717 1608 2826 1674 vel

510 1732 646 1780 rem
708 1712 778 1779 in
848 1713 1056 1780 medio
1128 1714 1523 1798 relinquant,
1576 1717 1763 1783 velut
1827 1720 2091 1799 praeter
2158 1714 2227 1781 O.
2298 1713 2371 1783 Ο.
2439 1713 2824 1781 Muellerum

511 1822 777 1909 (Gesch.
805 1823 881 1894 d.
940 1822 1183 1905 griech.
1228 1822 1469 1890 Litter.
1513 1823 1648 1908 112,
1708 1845 1769 1906 p.
1816 1826 1988 1912 373),
2035 1823 2111 1889 R.
2155 1823 2492 1889 Nicolaius
2531 1822 2822 1910 (Griech.

508 1931 746 1997 Litter.
796 1930 866 1995 ΙΙ
886 1937 944 2010 2,
986 1949 1048 2012 p.
1101 1936 1259 1998 307:
1328 1930 1512 2014 „eine
1573 1931 1804 1998 Studie
1867 1933 1984 1999 des
2034 1931 2469 2014 Philosophen
2524 1929 2591 1997 in
2628 1929 2823 2013 lysia-

510 2038 769 2105 nischer
832 2037 1205 2127 Manier“),
1275 2057 1419 2105 cum
1479 2039 1590 2107 Fr.
1653 2040 1949 2108 Blassius
2006 2042 2110 2125 (Α.
2166 2041 2243 2107 Β.
2301 2040 2353 2105 Ι.
2419 2059 2481 2122 p.
2525 2043 2651 2106 416
2707 2041 2823 2120 sq.)

511 2148 717 2213 multa
777 2151 959 2213 recte
1011 2147 1396 2230 disputasse,
1447 2149 1763 2215 nonnulla
1818 2151 2042 2215 tamen
2099 2147 2616 2229 praetermisisse
2671 2144 2830 2213 mihi

511 2257 833 2339 videatur,
892 2256 1186 2336 equidem
1242 2258 1412 2323 hanc
1457 2275 1594 2323 rem
1635 2257 1843 2324 denuo
1887 2256 2212 2337 tractabo,
2269 2274 2464 2335 quam
2522 2259 2598 2320 ut
2644 2258 2827 2321 recte

513 2365 928 2448 perspiciam,
987 2365 1314 2447 permulta
1363 2383 1464 2431 me
1524 2366 1763 2432 debere
1816 2365 1869 2432 I.
1916 2363 2214 2430 Vahleno
2271 2361 2628 2429 clarissimo
2685 2362 2825 2428 viro

514 2473 695 2540 cuius
739 2473 819 2539 de
841 2472 1140 2540 Phaedro
1186 2473 1530 2540 lectionem
1563 2473 1923 2542 audiverim
1944 2476 2136 2557 grato
2182 2470 2494 2538 confiteor
2538 2468 2824 2548 animost)

719 2582 817 2646 Ac
859 2581 1131 2664 primum
1177 2581 1433 2662 quidem
1479 2581 1600 2648 hoc
1643 2581 2116 2665 respiciendum
2161 2584 2283 2662 est,
2346 2597 2538 2659 quam
2584 2577 2825 2661 opinio-

514 2707 661 2755 nem
702 2689 842 2771 ipse
868 2689 1063 2755 Plato
1093 2690 1161 2755 in
1207 2707 1425 2756 eorum
1471 2690 1704 2757 animis
1745 2675 1859 2772 'qui
1898 2690 2225 2773 dialogum
2265 2689 2497 2771 legunt
2536 2685 2826 2753 excitare

517 2797 758 2878 cupiat.
850 2798 1135 2863 Tantum
1183 2800 1401 2863 autem
1447 2798 1658 2881 abest,
1708 2803 1785 2865 ut
1836 2799 1976 2881 ipse
2030 2796 2415 2865 amatoriam
2469 2795 2827 2862 orationem

517 2905 875 2972 confecisse
915 2906 1127 2973 videri
1173 2907 1357 2990 velit,
1404 2911 1480 2972 ut
1524 2916 1755 2972 contra
1790 2906 2115 2988 expressis
2142 2905 2360 2973 verbis
2400 2903 2670 2988 Lysiam
2712 2903 2827 2967 Ce-

515 3014 695 3095 phali
735 3013 782 3080 f.
831 3015 1145 3082 orationis
1206 3020 1539 3082 auctorem
1591 3016 1918 3098 appellet:
1980 3014 2096 3083 cfr.
2141 3034 2202 3097 p.
2250 3021 2374 3083 227
2420 3014 2505 3079 G:
2548 3013 2827 3099 γέγραφε

512 3118 634 3209 γὰρ
681 3122 720 3188 ὁ
764 3125 1038 3206 Λυσίας;
1097 3144 1157 3206 p.
1221 3131 1346 3192 228
1406 3128 1475 3190 et
1535 3129 1681 3194 229.
1772 3120 1937 3190 'Pum
1993 3125 2428 3205 admonemnS,
2486 3107 2827 3186 Platonem

516 3226 840 3316 ἐρωτικὸν
899 3250 942 3296 a
988 3231 1286 3298 Phaedro
1339 3250 1468 3298 non
1517 3251 1599 3299 ex
1651 3233 1958 3299 memoria
2015 3231 2525 3315 pronuntiatum,
2586 3227 2701 3294 sed
2747 3226 2827 3292 de

515 3340 757 3422 scripto
779 3339 1127 3406 recitatum
1148 3339 1447 3406 finxisse:
1491 3359 1553 3422 p.
1597 3346 1723 3409 228
1759 3341 1841 3408 D.
1870 3341 1951 3408 E.
2028 3341 2122 3406 Et
2166 3339 2271 3405 cui
2309 3338 2474 3403 haec
2514 3354 2621 3402 res
2663 3334 2830 3403 levis

516 3449 825 3514 momenti
869 3466 1012 3515 esse
1053 3448 1376 3532 videatur,
1425 3449 1811 3533 consideret,
1858 3467 2116 3530 quaeSO,
2179 3449 2579 3528 quantopere
2630 3443 2825 3510 Plato

517 3576 777 3640 operam
821 3557 1077 3624 dederit
1118 3560 1195 3623 ut
1236 3574 1594 3624 sermonem
1639 3577 1714 3626 eo
1758 3558 2133 3640 adduceret,
2191 3560 2267 3622 ut
2306 3555 2643 3621 Phaedrus
2687 3571 2827 3618 ora-

515 3667 759 3733 tionem
790 3667 1173 3751 praelegere
1219 3669 1580 3750 cogeretur.
1662 3668 1827 3735 Tum
1857 3684 2013 3734 vero
2062 3665 2270 3749 „quod
2312 3683 2375 3748 p.
2408 3669 2533 3732 262
2565 3661 2623 3727 Ε
2654 3664 2724 3725 et
2764 3677 2828 3740 p.

725 3833 761 3900 ¹)
799 3830 852 3884 N
855 3847 923 3884 on
963 3833 1104 3885 recte
1135 3830 1267 3885 haec
1301 3830 1647 3900 Spengelius3
1693 3847 1824 3884 nam
1858 3834 1924 3886 ut
1957 3846 2122 3884 unum
2157 3829 2317 3898 idque
2350 3827 2637 3881 maximum
2674 3841 2830 3894 argu-

517 3922 756 3974 mentum
789 3920 932 3990 quod
969 3922 1018 3976 ei
1058 3920 1195 3976 obici
1222 3923 1403 3990 potest
1438 3937 1854 3986 commemorem,
1891 3938 1954 3976 ex
1971 3924 2093 3975 tota
2118 3918 2325 3974 dicendi
2353 3917 2558 3972 ratione
2593 3919 2829 3986 apparet,

517 4011 669 4065 illam
707 4012 998 4068 orationem
1037 4012 1105 4066 ad
1143 4015 1474 4084 praesentem
1517 4027 1739 4083 puerum
1771 4010 1986 4077 dictam,
2022 4027 2130 4064 non
2164 4009 2232 4064 ad
2267 4008 2541 4062 absentem
2575 4007 2831 4076 scriptam

518 4101 760 4172 cogitari,
798 4105 853 4157 et
888 4103 1133 4158 Socrates
1168 4103 1381 4173 quidem
1432 4103 1546 4174 ipse
1585 4103 1665 4156 sic
1710 4118 1818 4157 rem
1848 4101 2006 4172 capit,
2051 4101 2143 4169 qui
2180 4102 2366 4154 contra
2401 4097 2596 4168 Lysiae
2632 4097 2830 4151 oratio-

516 4210 638 4248 nem
675 4193 744 4248 ad
776 4192 1000 4248 eundem
1033 4211 1255 4264 puerum
1286 4194 1447 4249 verba
1479 4194 1613 4250 facit
1653 4191 1897 4263 (Phaedr.
1934 4209 1987 4262 p.
2023 4191 2125 4245 237
2164 4189 2247 4259 B.)

721 4288 766 4350 ²)
804 4285 1266 4352 Dissertationem‚
1303 4301 1465 4355 quam
1503 4285 1781 4354 Γεώργιος
1810 4281 2286 4350 Κωνσταντινίδης
2320 4279 2447 4346 περὶ
2485 4283 2581 4349 τῆς
2617 4278 2829 4350 γνησιό-

515 4394 676 4445 τητος
711 4378 810 4428 τοῦ
844 4373 1107 4441 ἐρωτικοῦ
1141 4378 1238 4429 τοῦ
1261 4372 1478 4431 Ἁυσίου
1516 4377 1733 4449 scripsit
1756 4373 2077 4444 (Αθήναιον.
2119 4371 2234 4441 τόμ.
2255 4373 2303 4425 4.
2338 4372 2485 4437 1876,
2508 4388 2558 4442 p.
2585 4371 2692 4425 33-
2725 4367 2828 4437 55),

520 4471 584 4522 ut
619 4468 928 4538 inspicerem
962 4467 1095 4520 mihi
1130 4483 1238 4521 non
1272 4468 1520 4537 contigit.

3123 3720 3191 3945 22.

3177 4533 3187 4957 **.—.
