3242 5042
1514 380 1937 440 -34-..I

572 548 636 612 iu
680 544 948 612 Piraeeus]
996 544 1188 636 uitam
1240 544 1568 628 acciperet
1608 544 1821 624 ibique
1865 548 2197 640 habitaret
2229 548 2373 632 (cfr.
2401 548 2573 612 Plat.
2601 548 2877 616 Phaedr.

564 676 624 736 p.
672 660 796 720 ’227
852 656 936 720 B:
984 648 1148 740 ἀτὰρ
1204 656 1440 732 Αυῡὲιτες
1484 644 1560 740 ἦν
1608 652 1701 732 σεξ-’ς
1741 652 1949 716 {furam}
1997 652 2069 720 ἐν
2117 648 2357 740 ἄστει),
2421 656 2877 720 Palem-archus

568 764 864 828 aedificia.
900 764 1148 828 urbana
1188 760 1532 828 obtineret.
1604 760 1877 840 Fratres
1921 760 2145 844 clipeis
2189 764 2589 828 fabricandis
2621 784 2877 844 operam

564 876 996 956 navaveruntj
1064 892 1188 952 qua
1244 872 1312 936 in
1380 888 1452 936 re
1512 876 1769 936 centum
1837 876 1905 936 et
1961 872 2201 952 viginti
2257 892 2480 940 servos.
2533 876 2881 952 occupatus

564 984 916 1060 habebant„
968 1000 1232 1060 quarum
1272 980 1677 1060 ergaatulum
1729 980 1813 1044 ad
1857 980 2109 1044 drinium
2153 980 2565 1048 Pnaeensem
2613 984 2761 1048 erat
2801 980 2881 1044 si*

564 1096 720 1156 tutu.
815 1092 904 1152 Ut
952 1092 1140 1152 erant
1184 1088 1440 1170 diuite&
1484 1088 1701 1152 munia
1745 1108 2013 1156 munera
2045 1108 2213 1168 quae
2253 1092 2329 1156 iis
2361 1096 2553 1156 erant
2577 1088 2881 1172 imposita

568 1200 992 1264 libentissime
1040 1204 1108 1260 et
1152 1196 1400 1276 pariter
1448 1216 1524 1260 aa
1572 1196 1749 1264 cives.
1793 1196 2269 1276 praestiterunt
2313 1200 2497 1284 (ΒΓΕ.
2541 1199 2701 1280 XII,
2745 1204 2873 1276 20).

567 1308 656 1372 Et
692 1304 960 1388 Lysiam
1000 1304 1272 1384 quidem,
1320 1320 1504 1384 quein
1530 1304 1661 1368 iam
1693 1304 1953 1372 Thmiis
1997 1304 2065 1368 in
2105 1304 2465 1372 Siculorum
2509 1304 2877 1388 eloquentia

568 1432 876 1480 summam
940 1432 1159 1476 curam
1216 1428 1604 1492 operamque
1665 1416 1957 1492 posuisse
2009 1412 2313 1496 mimz,
2381 1416 2661 1480 Athenis
2717 1416 2881 1480 haec

564 1524 784 1588 studia
824 1520 1188 1604 neglexisse
1236 1520 1376 1600 quis
1416 1524 1520 1584 est
1556 1520 1665 1600 qni
1697 1524 2073 1588 asseveret?
2117 1520 2453 1588 Habemus
2489 1540 2641 1592 veru
2681 1524 2881 1588 etiam

564 1632 812 1696 diserta
856 1628 1232 1692 testimonia
1272 1624 1440 1708 quae
1480 1628 1745 1712 Lysiam
1785 1628 2013 1696 statim
2057 1632 2353 1696 Athenas
2397 1648 2729 1696 reversum.
2777 1652 2881 1696 ar—

564 1748 698 1804 tem
751 1736 1009 1803 dicendi
1057 1736 1419 1817 professum
1477 1754 1620 1802 esse
1675 1736 1938 1818 eiusque
1996 1740 2326 1805 docendae
2368 1740 2765 1821 provinciam
2809 1740 2877 1805 in

565 1864 635 1913 se
688 1843 1048 1924 suscepisse
1107 1842 1272 1909 satis
1328 1843 1698 1910 luculenter
1757 1845 2205 1912 demonstrare
2264 1847 2449 1914 nobis
2505 1846 2869 1914 videantur.

562 1955 783 2033 Atque
824 1951 1099 2033 primum
1138 1950 1331 2017 Plato
1387 1951 1456 2016 in
1501 1951 1799 2018 Phaedro
1838 1953 2107 2036 Lysiam
2160 1958 2235 2020 ut
2292 1952 2703 2034 eloquentiae
2744 1973 2877 2020 ma·

565 2061 840 2145 gistrum
875 2058 1144 2140 inducit,
1183 2057 1294 2138 qui
1327 2058 1595 2125 iuvenes
1628 2060 1812 2140 quasi
1838 2062 1924 2127 ad
1953 2061 2211 2127 dicendi
2253 2062 2479 2143 epulas
2520 2061 2880 2144 recipiebat

563 2169 654 2254 (p.
702 2173 826 2234 227
869 2167 955 2252 Β)
1000 2170 1070 2231 et
1112 2165 1444 2248 discipulis
1495 2167 2006 2235 declamationes
2057 2169 2387 2236 recitabat
2439 2188 2601 2250 quas
2644 2170 2879 2237 iterum

564 2277 928 2356 iterumque
999 2278 1379 2357 repetentes
1454 2293 1599 2342 sese
1685 2280 2070 2344 exercerent
2150 2277 2219 2344 in
2298 2282 2447 2345 arte
2531 2278 2879 2362 rhetorica,

570 2385 782 2466 qualis
839 2387 942 2449 est
999 2383 1117 2449 illa
1175 2383 1494 2450 amatoria
1538 2385 1748 2451 oratio
1795 2406 1835 2452 a
1878 2386 2161 2453 Platone
2204 2389 2616 2454 conservata.
2715 2387 2879 2453 'I'um

571 2492 982 2578 Aristoteles·
1034 2491 1206 2573 apud
1267 2491 1644 2559 Ciceronem
1705 2494 1890 2560 Brut.
1966 2500 2043 2561 12
2062 2544 2079 2579 ,
2156 2497 2241 2561 48
2321 2512 2625 2578 expresse
2688 2493 2877 2560 dicit:

579 2602 883 2686 „Lysiam
936 2599 1140 2682 primo
1182 2599 1476 2681 profiteri
1523 2600 1786 2667 solitum
1824 2606 2052 2673 artem,
2079 2602 2369 2686 dicendi,
2426 2603 2661 2669 deinde
2714 2601 2881 2683 quod

569 2711 946 2777 Theodorus
1009 2713 1186 2774 esset
1251 2708 1320 2774 in
1382 2712 1530 2775 arte
1593 2709 1925 2793 subtilior,
1990 2710 2059 2776 in
2119 2710 2521 2777 orationibus
2588 2709 2877 2791 ieiunior‚

567 2818 896 2885 orationes
937 2835 1082 2883 eum
1127 2816 1411 2882 scribere
1455 2816 1603 2882 aliis
1650 2817 1958 2900 coepisse,
2004 2823 2221 2884 artem
2261 2818 2671 2885 removisse.“
2760 2816 2880 2883 Ca·
2989 2889 2994 2893 ,

573 2926 851 2994 vendum
895 2924 1080 2990 modo
1139 2928 1243 2990 est
1285 2943 1366 2990 ne
1415 2925 1578 2990 haec
1621 2925 2001 2992 Aristotelis
2042 2928 2247 2994 verba
2292 2926 2386 2993 sic
2427 2925 2882 3009 interpreteris
2954 3000 2960 3001 f

571 3035 757 3103 velut
799 3033 878 3100 E.
919 3032 1230 3099 Munkius
1273 3031 1696 3116 (Geschichte
1757 3034 1875 3101 der
1921 3034 2164 3118 griech.
2210 3035 2447 3102 Litter.
2475 3035 2559 3101 'II
2578 3042 2620 3118 2,
2662 3054 2718 3116 p.
2766 3039 2875 3100 91:
2980 3043 2998 3067 ⁸

577 3144 918 3228 „Anfangs
961 3159 1100 3206 war
1129 3139 1368 3223 Lysias
1413 3141 1530 3207 der
1570 3141 1903 3227 Meinung,
1948 3143 2101 3210 dass
2139 3161 2211 3210 es
2253 3143 2398 3210 eine
2442 3141 2719 3208 Theorie
2764 3140 2881 3207 der

561 3253 744 3319 Rede
783 3251 1027 3336 gebe“)
1072 3252 1141 3314 et
1186 3248 1504 3315 Girardus
1549 3250 1882 3336 („Etudes
1924 3271 2036 3319 sur
2092 3253 2498 3332 l'eloquence
2555 3249 2873 3330 attique.“

567 3360 758 3427 Paris
793 3362 974 3425 1874.
1008 3377 1070 3438 p.
1105 3362 1182 3425 12
1205 3380 1218 3422 :
1243 3357 1481 3439 „Enfin
1514 3359 1556 3422 a
1587 3358 1939 3442 cinquante
1972 3379 2092 3428 ans
2112 3362 2338 3443 passes
2360 3357 2600 3441 Lysias
2625 3358 2878 3442 change

567 3471 648 3535 de
691 3469 977 3551 systeme
1030 3468 1099 3531 et
1153 3483 1226 3530 ce
1283 3466 1719 3549 changement
1768 3488 1855 3536 va
1890 3469 2151 3554 jusqu'a
2192 3467 2335 3533 nier
2376 3467 2755 3533 l’existence
2798 3467 2879 3533 de

561 3580 715 3646 l'art
765 3578 924 3643 dont
980 3575 1030 3640 il
1073 3573 1256 3640 avait
1299 3573 1357 3640 si
1402 3575 1771 3659 longtemps
1814 3580 2017 3645 vante
2068 3578 2136 3644 la
2174 3575 2611 3664 puissance“).
2704 3575 2879 3657 Quos

569 3688 743 3754 haud
793 3686 924 3752 scio
976 3703 1057 3750 an
1109 3682 1272 3748 illud
1315 3690 1503 3766 ‚esse‘
1548 3685 1717 3765 quod
1776 3692 1975 3753 antea
2030 3688 2176 3751 erat
2215 3683 2285 3751 in
2325 3689 2516 3751 textu
2558 3681 2879 3772 (profiteri

563 3795 824 3862 solitum
866 3797 1077 3860 artem
1116 3795 1326 3889 ,esse‘)
1370 3792 1705 3860 fefellerit.
1796 3795 1868 3861 Si
1906 3795 2229 3878 Taylorus
2270 3794 2388 3862 vit.
2434 3793 2589 3876 Lys,
2641 3811 2702 3874 p.
2753 3795 2876 3858 150

562 3905 641 3970 R.
704 3903 904 3968 etiam
958 3900 1112 3967 falsi
1167 3901 1508 3966 Plutarchi
1568 3901 2012 3970 testimonium
2067 3903 2319 3986 attulit,
2380 3901 2492 3982 qui
2552 3901 2631 3966 de
2688 3899 2877 3967 Isaeo

563 4011 670 4079 W.
716 4012 792 4077 B.
843 4031 903 4093 p.
957 4016 1101 4076 260.
1165 4030 1224 4092 p.
1277 4015 1401 4076 839
1445 4009 1506 4075 Ε
1557 4011 1702 4098 Fr.)
1760 4013 2109 4079 secundum
2165 4011 2474 4077 librorum
2530 4009 2878 4074 lectionem

562 4124 725 4189 haec
749 4122 981 4187 habet:
1057 4112 1397 4196 Ἰσαῖος-
1420 4112 1742 4204 σχολάσας
1770 4121 1977 4209 Λυσίᾳ
2009 4120 2155 4208 (cfr.
2196 4119 2383 4185 Phot.
2424 4117 2593 4183 Bibl.
2641 4136 2693 4183 c.
2730 4124 2875 4201 263,

559 4250 621 4315 p.
669 4234 797 4296 490
839 4231 944 4310 a.),
996 4245 1113 4292 nos
1153 4227 1302 4293 huic
1340 4228 1481 4294 loco
1515 4246 1826 4310 perquam
1862 4232 2163 4310 corrupto
2200 4226 2448 4293 nullam
2494 4224 2626 4293 vim
2657 4224 2875 4292 fidem-

560 4360 684 4424 que
741 4335 1227 4405 attribuendam
1285 4354 1428 4402 esse
1484 4341 1808 4420 putamus,
1867 4337 1981 4403 sed
2038 4335 2255 4419 potius
2318 4353 2463 4400 cum
2524 4333 2877 4417 Dionysius

562 4449 714 4515 Hal.
763 4449 841 4512 de
884 4445 1072 4510 Isaeo
1118 4462 1180 4524 p.
1228 4448 1350 4508 588
1392 4445 1469 4510 R.
1557 4444 1815 4511 Isaeum
1860 4445 2033 4511 inter
2074 4443 2405 4526 Isocratis,
2462 4461 2590 4509 non
2634 4442 2876 4526 Lysiae
